1629 2828
22 2398 53 2828 Δ

525 189 561 223 2.
634 184 890 221 ΙΛΙΑΔΟΣ
940 185 969 221 Β

90 286 212 339 μήτηρ
237 285 269 326 δ’
295 286 550 337 ἀμφεποτᾶτο
576 284 787 337 ὀδυρομένη
815 287 916 338 φίλα
940 286 1068 327 τέκνα·

91 354 159 404 τὴν
183 352 214 392 δ’
240 351 516 403 ἐλελιξάμενος
539 352 730 404 πτέρυγος
754 351 884 402 λάβεν
909 353 1166 405 ἀμφιαχυῖαν.

91 419 209 471 αὐτὰρ
233 418 316 458 ἐπεὶ
342 420 439 457 κατὰ
462 417 565 458 τέκν’
589 418 715 470 ἔφαγε
741 420 947 469 στρουθοῖο
973 420 1035 458 καὶ
1063 418 1193 468 αὐτήν,

90 485 156 526 τὸν
178 487 250 536 μὲν
273 484 457 536 ἀρίζηλον
483 486 597 534 θῆκεν
623 485 721 530 θεός,
750 486 792 526 ὅς
817 501 888 536 περ
915 484 1049 537 ἔφηνε·

89 555 189 593 λᾶαν
212 550 286 603 γάρ
309 567 375 601 μιν
401 551 514 600 ἔθηκε
540 551 691 602 Κρόνου
716 549 807 592 πάϊς
833 550 1126 602 ἀγκυλομήτεω·

89 619 197 669 ἡμεῖς
221 617 253 657 δ’
277 617 464 659 ἑσταότες
488 616 732 668 θαυμάζομεν
757 617 840 658 οἷον
865 618 1023 670 ἐτύχθη.

91 684 140 726 ὡς
165 684 231 724 οὖν
255 685 361 724 δεινὰ
386 683 545 736 πέλωρα
571 686 669 724 θεῶν
694 683 848 733 εἰσῆλθ’
873 684 1110 734 ἑκατόμβας,

91 750 252 803 Κάλχας
277 750 309 791 δ’
336 749 455 790 αὐτίκ’
481 750 615 790 ἔπειτα
639 749 890 802 θεοπροπέων
915 750 1091 803 ἀγόρευε·

92 819 102 835 ‘
118 816 217 856 τίπτ’
243 816 340 870 ἄνεῳ
367 815 565 868 ἐγένεσθε,
594 815 689 867 κάρη
717 817 935 867 κομόωντες
959 816 1134 869 Ἀχαιοί,’

89 883 178 933 ἡμῖν
201 885 272 933 μὲν
296 882 375 922 τόδ’
400 883 523 934 ἔφηνε
546 881 658 934 τέρας
682 881 784 934 μέγα
807 883 969 933 μητίετα
994 883 1103 927 Ζεύς,

90 950 246 1001 ὄψιμον,
274 947 550 1000 ὀψιτέλεστον,
576 949 643 988 ὅου
668 948 783 990 κλέος
807 949 851 988 οὔ
875 948 960 988 ποτ’
986 949 1148 987 ὀλεῖται.

91 1014 139 1055 ὣς
165 1014 273 1055 οὗτος
299 1015 395 1054 κατὰ
419 1013 521 1055 τέκν’
547 1014 674 1066 ἔφαγε
698 1016 905 1065 στρουθοῖο
931 1015 992 1053 καὶ
1018 1013 1148 1064 αὐτήν,

90 1080 199 1125 ὀκτώ,
226 1081 322 1131 ἀτὰρ
345 1079 471 1132 μήτηρ
497 1079 611 1130 ἐνάτη
637 1079 697 1130 ἦν,
723 1079 746 1130 ἢ
772 1080 858 1120 τέκε
881 1080 1010 1125 τέκνα,

90 1146 139 1186 ὣς
163 1145 272 1196 ἡμεῖς
296 1145 484 1185 τοσσαῦτ’
508 1146 597 1186 ἔτεα
621 1145 908 1197 πτολεμίξομεν
933 1146 1032 1190 αῧθι,

89 1215 140 1266 τῷ
165 1211 309 1265 δεκάτῳ
335 1214 376 1251 δὲ
400 1212 517 1252 πόλιν
541 1211 757 1264 αἱρήσομεν
781 1211 1036 1263 εὐρυάγυιαν.’

92 1281 214 1319 κεῖνος
238 1278 312 1320 τὼς
337 1278 512 1329 ἀγόρευε·
549 1279 596 1317 τὰ
621 1278 666 1328 δὴ
692 1282 760 1319 νῦν
785 1277 912 1318 πάντα
937 1281 1119 1318 τελεῖται.

91 1343 179 1383 ἀλλ’
206 1343 287 1395 ἆγε,
313 1345 472 1394 μίμνετε
495 1343 653 1390 πάντες,
681 1343 905 1395 ἐϋκνήμιδες
929 1343 1099 1397 Ἀχαιοί,

91 1409 216 1455 αὐτοῦ,
244 1411 297 1451 εἷς
321 1411 343 1449 ὅ
369 1427 432 1450 κεν
457 1410 556 1450 ἄστυ
580 1409 682 1462 μέγα
707 1410 901 1462 Πριάμοιο
927 1409 1117 1457 ἕλωμεν.”

147 1474 226 1517 ⁶529
250 1476 376 1528 ἔφατ’,
404 1475 575 1528 Ἀργεῖοι
600 1478 639 1516 δὲ
664 1475 750 1528 μέγ’
774 1478 902 1529 ἴαχον,
930 1477 1032 1527 ἀμφὶ
1057 1478 1097 1516 δὲ
1125 1478 1212 1525 νῆες

89 1540 329 1594 σμερδαλέον
355 1542 585 1593 κονάβησαν
611 1541 816 1582 ἀϋσάντων
840 1541 902 1582 ὑπ’
928 1541 1115 1594 Ἀχαιῶν,

86 1611 206 1659 μῦθον
231 1608 515 1658 ἐπαινήσαντες
539 1608 766 1658 Ὀδυσσῆος
791 1608 922 1648 θείοιο·

88 1678 192 1715 τοῖσι
217 1677 258 1715 δὲ
285 1675 345 1715 καὶ
371 1673 552 1726 μετέειπε
576 1673 760 1726 Γερήνιος
786 1674 930 1714 ἱππότα
955 1673 1137 1725 Νέστωρ·

89 1742 113 1758 “
129 1738 158 1780 ὦ
183 1741 313 1786 πόποι,
341 1740 364 1791 ἦ
390 1740 433 1790 δὴ
459 1741 596 1781 παισὶν
623 1741 790 1781 ἐοικότες
815 1739 1039 1791 ἀγοράασθε

87 1806 304 1859 νηπιάχοις,
332 1808 389 1848 οἷς
414 1807 458 1847 οὔ
482 1824 519 1846 τι
542 1806 654 1856 μέλει
678 1805 874 1856 πολεμήϊα
899 1806 1006 1857 ἔργα.

87 1878 139 1928 πῇ
164 1872 208 1922 δὴ
234 1874 440 1913 συνθεσίαι
463 1889 504 1913 τε
530 1874 590 1912 καὶ
616 1873 727 1924 ὅρκια
750 1871 921 1922 βήσεται
944 1871 1056 1922 ἡμῖν,·

89 1938 129 1978 ἐν
153 1939 241 1989 πυρὶ
266 1938 310 1988 δὴ
336 1940 487 1989 βουλαί
507 1955 549 1978 τε
575 1940 754 1990 γενοίατο
778 1936 901 1988 μήδεά
925 1937 958 1976 τ’
985 1938 1147 1989 ἀνδρῶν,

89 2005 258 2044 σπονδαί
278 2004 312 2043 τ’
335 2004 494 2056 ἄκρητοι
520 2005 582 2044 καὶ
607 2002 742 2054 δεξιαί,
767 2002 814 2060 ᾗς
839 2003 1063 2053 ἐπέπιθμεν·

89 2067 210 2109 αὔτως
233 2069 306 2119 γὰρ
333 2067 494 2107 ἐπέεσσ’
521 2068 777 2119 ἐριδαίνομεν,
806 2067 894 2108 οὐδέ
923 2085 960 2108 τι
985 2070 1111 2120 μῆχος

91 2131 288 2183 εὑρέμεναι
312 2132 550 2183 δυνάμεσθα,
579 2133 705 2173 πολὺν
732 2134 877 2186 χρόνον
909 2132 1037 2173 ἐνθάδ’
1065 2134 1205 2174 ἐόντες.

89 2196 276 2249 Ἀτρεΐδη,
306 2198 355 2239 σὺ
379 2198 412 2238 δ’
437 2199 493 2239 ἔθ’
520 2199 571 2240 ὡς
598 2199 688 2250 πρὶν
714 2200 818 2252 ἔχων
848 2198 1058 2251 ἀστεμφέα
1082 2198 1237 2249 βουλὴν

1349 303 1407 332 3¹5

1344 961 1404 991 325

1344 1292 1406 1322 330

1345 1620 1403 1650 335

1343 1949 1404 1979 340

131 2290 194 2327 316
217 2289 441 2329 ἆμφιάχουσαν
457 2289 500 2338 12¹
597 2291 660 2329 318
686 2290 835 2332 ἀρίζηλον
851 2291 939 2330 vulg.
957 2302 963 2321 ε
989 2291 1140 2331 ἀρίδηλον
1157 2289 1252 2328 Zen.‚
1272 2286 1322 2318 Μ9
1338 2298 1382 2319 ss.
1404 2299 1409 2318 :

34 2311 38 2326 ἶ
92 2330 218 2370 ἆίζηλον
234 2331 277 2379 ᾨ“
298 2332 406 2371 Apoll.
426 2332 507 2363 Lex.
528 2332 600 2372 (Ar.
614 2334 662 2373 3):
687 2335 818 2372 ἀίδηλον
836 2334 873 2365 Ε.
894 2334 939 2365 M.
961 2344 1010 2371 41.
1030 2344 1070 2371 44
1171 2343 1234 2372 3¹9
1258 2332 1325 2362 ath.
1346 2332 1406 2361 Ar.

153 2383 216 2411 320
239 2384 302 2406 om.
322 2375 350 2404 T
440 2376 504 2414 328
528 2389 567 2416 γε
583 2378 716 2408 τοσαῦτ’
733 2388 755 2414 q
770 2377 807 2406 L²
821 2377 870 2407 M*
882 2376 935 2407 Mc
946 2375 990 2407 V⁵
1000 2374 1044 2406 V7
1133 2385 1197 2415 330
1212 2376 1274 2407 τὼς
1284 2375 1360 2405 An:
1385 2373 1410 2404 θ’

93 2416 130 2448 ὣς
147 2416 238 2448 Hdn.
256 2417 343 2456 vulg.
360 2429 366 2448 ;
393 2419 418 2450 δ’
439 2420 478 2450 ὣς
498 2418 546 2448 ΜΒ
560 2418 622 2448 M¹²
636 2418 672 2449 P¹
688 2419 733 2449 U¹
746 2419 792 2450 U⁵
805 2418 935 2450 U¹⁰V3²
1040 2429 1101 2458 342
1128 2417 1336 2459 εριδαινετο[ν
1351 2414 1412 2464 123⁵

177 2480 261 2502 HOM.
282 2481 325 2503 11..
