1629 2828
510 144 544 177 2.
618 138 875 176 ΙΛΙΑΔΟΣ
924 139 953 175 Β

76 248 126 298 τῷ
151 241 183 283 δ’
209 242 252 283 οὔ
276 242 334 282 πώ
360 257 417 283 τις
441 242 573 292 ὁμοῖος
598 242 826 294 ἐπιχθόνιος
850 240 974 293 γένετ’
1000 240 1097 293 ἀνὴρ

78 311 276 360 κοσμῆσαι
300 308 441 349 ἵππους
465 324 507 348 τε
533 308 594 348 καὶ
619 307 759 359 ἀνέρας
785 307 1038 349 ἀσπιδιώτας·

77 375 243 427 Νέστωρ
268 373 349 416 οἶος
374 374 511 425 ἔριζεν·
550 375 569 413 ὁ
596 375 670 426 γὰρ
696 373 1007 426 προγενέστερος
1031 371 1113 423 ἦεν·
1332 386 1393 416 555

77 445 128 496 τῷ
153 441 186 481 δ’
210 439 291 491 ἅμα
313 439 554 489 πεντήκοντα
577 441 764 490 μέλαιναι
787 441 876 490 νῆες
903 440 1055 480 ἕποντο.

143 508 238 548 Αἴας
261 505 293 546 δ’
318 508 360 546 ἐκ
386 509 611 556 Σαλαμῖνος
636 506 731 559 ἄγεν
756 507 984 546 δυοκαίδεκα
1008 508 1116 556 νῆας,

79 575 203 624 στῆσε
227 572 259 613 δ’
285 572 391 624 ἄγων
416 571 466 613 ἵν’
491 571 713 623 Ἀθηναίων
738 573 898 613 ἵσταντο
924 571 1144 624 φάλαγγες.

178 639 196 680 ἲ
219 638 252 678 δ’
272 637 418 691 ’Ἄργος
443 638 475 678 τ’
504 637 612 692 εἶχον
636 638 808 691 Τίρυνθά
833 656 874 679 τε
899 639 1167 691 τειχιόεσσαν,

77 705 286 757 Ἑρμιόνην
310 704 474 755 Ἀσίνην
499 722 553 752 τε,
579 705 709 756 βαθὺν
735 707 830 745 κατὰ
856 706 1004 746 κόλπον
1029 705 1213 757 ἐχούσας,
1334 708 1398 747 560

77 770 260 824 Τροιζῆν’
286 770 451 814 Ἠϊόνας
475 788 518 812 τε
544 772 606 812 καὶ
631 770 866 823 ἀμπελόεντ’
891 771 1140 823 Ἐπίδαυρον,

79 838 118 878 οἵ
138 837 171 877 τ’
196 838 288 890 ἔχον
315 838 481 890 Αἴγιναν
507 837 682 888 Μάσητά
706 855 748 878 τε
774 841 904 890 κοῦροι
928 837 1115 890 Ἀχαιῶν,

79 908 154 944 τῶν
179 903 262 944 αὖθ’
287 904 501 956 ἡγεμόνευε
525 904 629 955 βοὴν
659 903 805 956 ἀγαθὸς
832 903 1031 955 Διομήδης

81 970 141 1010 καὶ
167 969 370 1016 Σθένελος,
399 973 611 1020 Καπανῆος
635 971 871 1022 ἀγακλειτοῦ
896 971 1015 1022 φίλος
1040 970 1134 1012 υἱός·

81 1040 186 1077 τοῖσι
209 1036 241 1076 δ’
268 1036 333 1087 ἅμ’
360 1036 562 1088 Εὐρύαλος
586 1038 764 1089 τρίτατος
790 1038 883 1082 κίεν,
912 1037 1068 1078 ἰσόθεος
1093 1036 1190 1088 φώς,
1337 1039 1398 1078 565

82 1102 305 1153 Μηκιστέος
329 1102 409 1144 υἱὸς
434 1103 702 1143 Ταλαϊονίδαο
728 1102 905 1144 ἄνακτος·

83 1168 318 1220 συμπάντων
343 1168 376 1209 δ’
402 1169 536 1220 ἡγεῖτο
560 1168 664 1219 βοὴν
689 1168 835 1220 ἀγαθὸς
862 1167 1073 1219 Διομήδης·

82 1239 187 1276 τοῖσι
211 1234 244 1275 δ’
270 1234 334 1285 ἅμ’
359 1235 583 1287 ὀγδώκοντα
606 1234 791 1285 μέλαιναι
816 1237 906 1285 νῆες
931 1235 1084 1275 ἕποντο.

148 1301 200 1341 Οἳ
225 1303 266 1341 δὲ
292 1300 479 1351 Μυκήνας
503 1301 625 1354 εἶχον,
647 1302 872 1352 ἐϋκτίμενον
897 1301 1142 1352 πτολίεθρον,

83 1368 247 1420 ἀφνειόν
271 1384 314 1408 τε
340 1368 533 1420 Κόρινθον
557 1367 783 1418 ἐϋκτιμένας
806 1385 849 1408 τε
877 1366 1077 1412 Κλεωνάς,
1338 1378 1401 1410 570

82 1433 261 1486 Ὀρνειάς
285 1433 318 1472 τ’
344 1433 528 1485 ἐνέμοντο
554 1434 809 1486 Ἀραιθυρέην
834 1433 866 1472 τ’
893 1433 1096 1485 ἐρατεινὴν

85 1501 146 1540 καὶ
171 1499 344 1546 Σικυῶν’,
371 1500 428 1540 ὅθ’
454 1500 511 1553 ἄρ’
532 1499 754 1552 ’Ἄδρηστος
778 1499 896 1552 πρῶτ’
922 1501 1200 1550 ἐμβασίλευεν,

84 1567 123 1606 οἵ
146 1566 179 1606 θ’
203 1565 447 1619 (Ὑπερησίην
472 1583 513 1607 τε
540 1568 603 1607 καὶ
629 1566 809 1616 αἰπεινὴν
835 1567 1065 1606 Γονόεσσαν

86 1631 300 1682 Πελλήνην
324 1632 359 1672 τ’
386 1632 495 1685 εἶχον
519 1632 578 1682 ἠδ’
605 1635 744 1685 Αἴγιον
769 1632 1042 1684 ἀμφενέμοντο

87 1699 279 1750 Αἰγιαλόν
303 1698 336 1738 τ’
361 1700 434 1739 ἀνὰ
460 1699 588 1740 πάντα
614 1700 677 1739 καὶ
703 1699 800 1751 ἀμφ’
827 1698 991 1749 Ἑλίκην
1016 1699 1181 1750 εὐρεῖαν,
1342 1709 1404 1741 575

86 1768 161 1805 τῶν
187 1764 324 1805 ἑκατὸν
349 1769 452 1816 νηῶν
478 1765 575 1818 ἦρχε
600 1767 738 1817 κρείων
763 1764 1022 1817 Ἀγαμέμνων

87 1830 300 1882 Ἀτρεΐδης·
338 1832 417 1882 ἅμα
442 1836 494 1886 τῷ
520 1849 566 1884 γε
591 1832 693 1872 πολὺ
719 1835 903 1872 πλεῖστοι
929 1833 990 1872 καὶ
1015 1831 1169 1883 ἄριστοι

133 1929 281 1960 553-555
304 1921 371 1950 ath·
388 1920 468 1951 Zen-
557 1930 616 1960 pro
633 1921 782 1960 557-558

261 1966 336 1995 Αἴας
353 1962 381 1994 δ’
399 1966 433 1995 ἐκ
450 1967 627 2003 Σαλαμῖνος
648 1965 725 2004 ἄγεν
742 1964 814 1996 νέας
835 1964 869 1995 ἔκ
887 1978 922 1995 τε
941 1965 1105 2005 Πολίχνης

264 2006 300 2038 ἔκ
315 2006 345 2037 τ’
362 2007 593 2047 Αἷγειρούσσης
610 2007 744 2045 Νισαίης
760 2020 797 2038 τε
814 2007 972 2048 Τριπόδων
988 2022 1025 2039 τε

91 2049 308 2089 Megarenses
325 2054 413 2080 teste
427 2049 535 2080 strab.
556 2059 619 2089 394
765 2051 969 2092 τρισκαίδεκα
986 2052 1119 2090 quidam
1139 2061 1190 2090 ap.
1213 2051 1307 2082 Eust.

90 2094 153 2131 558
184 2094 250 2123 ath.
278 2092 334 2123 Ar.
360 2092 587 2132 (παραιτητέον
613 2098 635 2124 Γ
662 2094 763 2131 23οἶι
788 2103 853 2123 om.
880 2091 926 2141 p‘2
954 2095 1036 2133 [uij
1072 2092 1133 2142 12³3
1157 2094 1324 2131 bghiA
1340 2093 1380 2124 al.
1401 2106 1407 2125 ε

91 2135 270 2166 inseruisse
297 2145 356 2165 seu
382 2135 592 2166 Pisistratum
619 2146 678 2166 seu
701 2136 861 2166 Solonem
884 2136 985 2166 refert
1009 2137 1116 2167 Strab.
1134 2137 1175 2167 cf.
1196 2137 1234 2168 D.
1256 2137 1292 2167 L.
1313 2138 1331 2167 i.
1352 2138 1403 2174 48,

92 2178 175 2209 Plut.
197 2178 266 2209 Sol.
288 2188 336 2216 10,
352 2178 490 2216 Quintil.
510 2189 540 2209 v.
554 2190 596 2217 40
684 2180 746 2218 562
772 2181 803 2211 οἵ
817 2182 845 2211 τ’
864 2180 957 2220 ἔχονῙ
977 2180 1075 2217 νῆσόν
1091 2182 1120 2211 τ’
1138 2190 1166 2211 v.
1184 2180 1203 2211 l.
1223 2191 1276 2219 ap.
1294 2181 1403 2210 Strab.

91 2231 165 2260 375,
190 2221 278 2251 Cert.
306 2221 404 2252 Hom.
429 2233 479 2261 44,
512 2222 653 2252 Hesiod.
685 2223 766 2262 Pap.
800 2223 890 2253 Berl.
922 2225 1026 2261 10560
1050 2233 1078 2252 ν.
1110 2233 1137 2261 7,
1166 2222 1309 2264 7p.Bm⁵

91 2266 153 2303 563
176 2274 194 2294 a
211 2265 358 2302 Τυδείδης
376 2264 411 2296 οὗ
428 2267 543 2306 πατρὸς
562 2266 647 2306 ἔχων
661 2266 755 2304 μένος
774 2267 916 2297 Οἰνεΐδαο
935 2266 1026 2296 Cert.
1140 2268 1202 2305 565
1228 2266 1407 2308 Εὐρύπυλος

92 2306 280 2381 CertqfiXSlQZ1
293 2349 314 2380 b
371 2309 434 2346 566
456 2321 618 2348 μηκιστεω
634 2307 695 2357 ᾨ33
797 2310 860 2348 567
886 2308 1092 2350 συμπάντων]
1115 2311 1150 2342 ἐκ
1166 2310 1295 2342 πάντων
1312 2309 1403 2340 Cert.

175 2360 195 2390 5

263 2397 296 2426 ἐν
312 2396 339 2425 δ’
359 2395 466 2435 ἄνδρες
484 2395 635 2435 πολέμοιο
655 2395 809 2435 δαήμονες
830 2395 1032 2435 ἐστιχόωντο

262 2439 396 2478 Ἀργεῖοι
414 2440 622 2479 λινοθώρηκες
639 2438 755 2480 κέντρα
775 2438 947 2478 πτολέμοιο

93 2479 182 2512 Cert.
330 2490 390 2519 571
418 2482 630 2522 Παραιθυρέην
650 2482 730 2513 Zen.
882 2490 944 2521 573
970 2481 1155 2514 Δονόεσσαν
1175 2482 1206 2513 in
1227 2482 1407 2515 Γονόεσσαν

93 2528 238 2555 mutasse
256 2523 468 2555 Pisistratum
487 2525 542 2555 ref.
565 2524 664 2557 Paus.
682 2524 734 2556 vii.
753 2526 803 2556 26.
