1629 2828
587 154 623 188 4.
695 150 950 187 IAIAAOS
995 151 1030 186 Δ

151 252 310 302 ἀβλῆτα
333 251 559 303 πτερόεντα,
585 249 805 301 μελαινέων
830 251 912 302 ἕρμ’
937 250 1123 292 ὀδυνάων·

152 317 254 369 αἶψα
277 316 310 356 δ’
337 317 400 357 ἐπὶ
425 323 539 374 νευρῇ
565 318 797 368 κατεκόσμει
821 317 959 368 πικρὸν
984 317 1132 363 ὀϊστόν,

152 384 287 436 εὔχετο
312 382 345 423 δ’
371 383 598 424 Ἀπόλλωνι
623 381 842 435 Λυκηγενέϊ
867 382 1085 437 κλυτοτόξῳ

153 451 277 502 ἀρνῶν
301 450 561 501 πρωτογόνων
582 447 711 500 ῥέξειν
738 449 895 499 κλειτὴν
919 450 1146 500 ἑκατόμβην
1411 463 1471 485 120

152 517 280 557 οἴκαδε
305 515 503 566 νοστήσας
529 518 633 567 ἱερῆς
658 518 712 557 εἷς
736 516 836 556 ἄστυ
861 516 1039 566 Ζελείης.

153 582 244 623 ἕλκε
267 581 298 622 δ’
325 583 420 633 ὁμοῦ
445 583 641 634 γλυφίδας
666 599 708 622 τε
732 583 873 633 λαβὼν
899 583 960 623 καὶ
984 585 1101 635 νεῦρα
1124 582 1253 633 βόεια·

152 648 288 701 νευρὴν
311 650 383 699 μὲν
406 649 513 702 μαζῷ
538 646 729 695 πέλασεν,
756 646 855 703 τόξῳ
881 651 923 689 δὲ
949 649 1122 700 σίδηρον.

152 715 272 766 αὐτὰρ
297 714 380 755 ἐπεὶ
405 715 450 765 δὴ
479 717 706 766 κυκλοτερὲς
731 712 833 767 μέγα
856 712 971 764 τόξον
997 715 1131 760 ἔτεινε,

151 778 263 832 λίγξε
286 781 390 831 βιός,
419 781 531 831 νευρὴ
558 783 600 822 δὲ
624 779 710 833 μέγ’
735 783 860 834 ἴαχεν,
888 781 985 821 ἆλτο
1010 780 1042 820 δ’
1067 780 1200 823 ὀϊστὸς
1409 795 1444 818 12
1452 795 1468 825 5

151 844 357 897 ὀξυβελής,
386 847 469 887 καθ’
496 849 636 898 ὅμιλον
661 845 896 888 ἐπιπτέσθαι
919 847 1144 898 μενεαίνων.

217 913 321 953 Οὐδὲ
347 912 476 960 σέθεν,
506 912 703 959 Μενέλαε,
731 915 811 954 θεοὶ
835 913 1005 965 μάκαρες
1027 913 1248 954 λελάθοντο

153 979 349 1025 ἀθάνατοι,
377 980 507 1031 πρώτη
535 982 577 1020 δὲ
603 980 699 1022 Διὸς
724 980 895 1032 θυγάτηρ
919 981 1094 1032 ἀγελείη,

151 1046 176 1096 ἤ
199 1062 259 1086 τοι
284 1046 434 1098 πρόσθε
462 1049 593 1086 στᾶσα
616 1044 740 1097 βέλος
766 1047 974 1099 ἐχεπευκὲς
998 1046 1154 1097 ἄμυνεν.

151 1112 174 1163 ἡ
198 1114 240 1153 δὲ
263 1113 387 1153 τόσον
409 1115 480 1163 μὲν
506 1113 639 1165 ἔεργεν
665 1112 743 1153 ἀπὸ
766 1114 897 1165 χροός,
926 1113 976 1154 ὡς
1001 1113 1065 1152 ὅτε
1089 1111 1214 1164 μήτηρ
1414 1125 1473 1156 130

152 1178 290 1220 παιδὸς
314 1177 432 1234 ἐέργῃ
453 1183 581 1230 μυῖαν,
609 1178 666 1218 ὅθ’
690 1177 776 1229 ἡδέϊ
798 1177 954 1228 λέξεται
972 1179 1092 1232 ὕπνῳ,

153 1245 246 1295 αὐτὴ
271 1245 303 1285 δ’
330 1245 411 1285 αὖτ’
437 1247 567 1286 ἴθυνεν
592 1246 653 1285 ὅθι
680 1245 874 1297 ζωστῆρος
899 1246 1016 1298 ὀχῆες

152 1312 330 1364 χρύσειοι
356 1312 524 1364 σύνεχον
551 1312 612 1352 καὶ
639 1312 800 1354 διπλόος
824 1311 961 1362 ἤντετο
986 1311 1127 1363 θώρηξ.

153 1379 192 1418 ἐν
217 1377 249 1417 δ’
275 1379 394 1419 ἔπεσε
422 1379 595 1430 ζωστῆρι
615 1379 772 1430 ἀρηρότι
798 1378 932 1430 πικρὸς
957 1379 1102 1420 ὀϊστός·

152 1446 214 1484 διὰ
237 1447 307 1495 μὲν
333 1444 381 1497 ἂρ
409 1445 603 1496 ζωστῆρος
629 1444 800 1494 ἐλήλατο
825 1442 1057 1490 δαιδαλέοιο,
1414 1456 1470 1487 135

153 1511 214 1550 καὶ
239 1513 302 1551 διὰ
327 1511 498 1563 θώρηκος
523 1510 813 1552 πολυδαιδάλου
838 1509 1046 1562 ἠρήρειστο

151 1579 285 1629 μίτρης
310 1577 357 1623 θ’,
384 1576 432 1627 ἣν
459 1578 594 1630 ἐφόρει
619 1578 739 1628 ἔρυμα
763 1575 893 1630 χροός,
921 1577 1032 1627 ἕρκος
1057 1574 1243 1621 ἀκόντων,

152 1643 176 1693 ἥ
200 1645 234 1684 οἱ
259 1647 450 1684 πλεῖστον
477 1643 600 1694 ἔρυτο·
638 1643 776 1694 διαπρὸ
801 1644 842 1682 δὲ
868 1644 1002 1683 εἵσατο
1028 1642 1089 1682 καὶ
1114 1642 1193 1691 τῆς.

153 1708 365 1761 ἀκρότατον
391 1710 423 1749 δ’
449 1709 507 1761 ἄρ’
533 1708 665 1750 ὀϊστὸς
691 1707 895 1761 ἐπέγραψε
919 1706 1019 1761 χρόα
1044 1706 1186 1760 φωτός·

153 1775 289 1816 αὐτίκα
313 1775 345 1815 δ’
371 1776 501 1827 ἔρρεεν
527 1777 622 1826 αἷμα
647 1777 880 1826 κελαινεφὲς
905 1774 950 1825 ἐξ
971 1774 1147 1824 ὠτειλῆς.
1413 1788 1472 1817 140

218 1841 291 1883 ‘523
315 1841 347 1882 δ’
372 1843 437 1882 ὅτε
460 1843 518 1884 τίς
542 1842 575 1882 τ’
601 1840 802 1894 ἐλέφαντα
826 1841 923 1893 γυνὴ
949 1842 1098 1892 φοίνικι
1121 1839 1239 1896 μιήνῃ

155 1908 306 1963 Μῃονὶς
328 1908 374 1958 ἠὲ
400 1907 558 1960 Κάειρα,
584 1907 751 1959 παρήϊον
776 1908 937 1957 ἔμμεναι
962 1908 1104 1947 ἵππων·

155 1977 275 2013 κεῖται
299 1974 331 2014 δ’
358 1975 399 2014 ἐν
425 1973 600 2028 θαλάμῳ,
628 1972 769 2015 πολέες
794 1972 837 2013 τέ
861 1990 927 2023 μιν
950 1971 1150 2024 ἠρήσαντο

155 2040 293 2090 ἱππῆες
318 2038 488 2093 φορέειν·
527 2040 698 2090 βασιλῆϊ
723 2042 764 2080 δὲ
791 2044 913 2080 κεῖται
938 2039 1110 2090 ἄγαλμα,

154 2104 376 2158 ἀμφότερον
401 2105 547 2157 κόσμος
573 2106 606 2145 θ’
632 2107 736 2160 ἵππῳ
763 2106 927 2157 ἐλατῆρί
948 2122 989 2145 τε
1017 2108 1140 2146 κῦδος·
1415 2117 1471 2148 145

199 2207 256 2236 117
289 2198 355 2228 ath.
381 2197 442 2228 Ar.
553 2199 728 2237 μελαινέων
752 2197 809 2229 ΑΓ.
837 2197 973 2228 ABGe
985 2196 1063 2228 V20:
1095 2197 1276 2236 μελαινάων
1299 2196 1390 2236 vulg.

156 2240 216 2269 118
240 2241 437 2280 κατεκόσμεε
454 2250 510 2278 gp
526 2242 568 2273 al.
684 2252 745 2279 124
769 2246 847 2272 ante
868 2251 926 2280 123
945 2240 1056 2282 posuit
1074 2240 1154 2271 Zen.
1261 2251 1322 2280 129
1345 2253 1394 2272 τοι
1411 2239 1469 2270 Ar.

154 2282 242 2321 vulg.
260 2294 267 2313 :
291 2285 320 2315 οἱ
335 2294 365 2314 v.
385 2283 406 2315 1.
423 2289 492 2315 ant.
514 2285 566 2325 (ἓ),
586 2282 636 2315 M⁹
649 2283 703 2315 pm
714 2284 755 2315 V¹
913 2293 970 2323 137
997 2284 1099 2323 ἔλυμα
1114 2283 1194 2314 zen.
1215 2283 1388 2323 Aristoph.

158 2334 217 2365 139
240 2326 286 2368 ἄρ’
304 2325 427 2365 ὀϊστὸς]
445 2328 503 2368 ἄρα
517 2329 641 2368 χαλκὸς
657 2328 737 2359 Zen.
830 2337 891 2365 140
915 2327 982 2358 ath.
1002 2326 1061 2358 Ar.
1157 2336 1216 2365 142
1239 2328 1342 2359 ἵππων
1358 2325 1448 2365 vulg.
1464 2338 1469 2356 :

153 2369 236 2401 ἵππω
251 2380 289 2400 m
301 2369 378 2400 Bm5
391 2369 444 2400 Ρ17
460 2370 502 2401 al.
520 2381 526 2400 ε
554 2372 650 2402 ἵππου
668 2370 718 2401 M⁵
735 2371 787 2402 cit.
809 2370 902 2401 Eust.
919 2384 924 2401 :
951 2370 1029 2410 quid
1047 2370 1108 2410 leg.
1129 2370 1301 2410 Aristoph.
1322 2369 1380 2402 Ar.
1402 2380 1469 2401 non

154 2410 257 2452 liquet
392 2422 449 2451 145
472 2414 576 2445 ἵππων
591 2425 613 2445 a
623 2423 647 2451 g·
657 2418 682 2445 h
693 2418 715 2445 k
727 2425 746 2445 ο
758 2414 811 2446 Mc
822 2413 865 2445 V1
876 2413 918 2445 al.
