1660 2802
655 119 690 153 9.
766 114 1022 151 ΙΛῙΑΔΟΣ
1075 116 1089 152 1

208 215 314 256 νεῦσ’
343 216 440 257 Αἴας
467 216 634 256 Φοίνικι·
672 217 794 267 νόησε
820 218 861 257 δὲ
887 219 968 259 δῖος
993 216 1225 265 Ὀδυσσεύς,

206 281 463 332 πλησάμενος
489 282 522 321 δ’
547 284 669 323 οἴνοιο
696 283 814 325 δέπας
840 284 1001 324 δείδεκτ’
1028 284 1214 338 Ἀχιλῆα·

209 351 231 365 “
251 348 368 401 χαῖρ’,
396 348 572 401 Ἀχιλεῦ·
611 349 742 391 δαιτὸς
767 352 839 401 μὲν
865 350 976 401 ἐΐσης
1002 351 1069 391 οὐκ
1096 353 1284 395 ἐπιδευεῖς

204 414 303 465 ἠμὲν
328 415 385 455 ἐνὶ
412 417 547 471 κλισίῃ
575 415 870 468 Ἀγαμέμνονος
896 416 1099 470 Ἀτρεΐδαο

204 480 273 531 ἠδὲ
299 482 361 521 καὶ
387 481 524 522 ἐνθάδε
551 485 631 522 νῦν·
669 481 775 535 πάρα
801 485 875 535 γὰρ
901 484 1104 534 μενοεικέα
1128 487 1261 526 πολλὰ

206 547 394 588 δαίνυσθ’·
433 547 524 588 ἀλλ’
551 548 594 588 οὐ
620 549 751 591 δαιτὸς
779 550 973 601 ἐπηράτου
1001 551 1096 603 ἔργα
1118 550 1307 603 μέμηλεν,

206 614 311 653 ἀλλὰ
335 615 427 664 λίην
451 614 553 666 μέγα
579 617 700 666 πῆμα,
730 616 948 669 διοτρεφές,
977 617 1233 667 εἰσορόωντες

206 680 387 731 δείδιμεν·
427 682 468 721 ἐν
494 684 580 738 δοιῇ
604 684 645 721 δὲ
673 682 887 733 σαωσέμεν
913 681 936 734 ἢ
963 684 1186 725 ἀπολέσθαι

204 748 299 796 νῆας
324 746 583 798 ἐϋσσέλμους,
613 750 645 788 εἰ
671 749 723 799 μὴ
752 750 802 789 σύ
827 767 873 802 γε
899 750 1035 791 δύσεαι
1063 751 1199 802 ἀλκήν.

205 813 321 866 ἐγγὺς
347 816 421 865 γὰρ
444 818 548 864 νηῶν
574 816 636 855 καὶ
662 816 817 870 τείχεος
844 817 956 858 αὖλιν
983 818 1116 858 ἔθεντο

203 883 337 931 Τρῶες
362 880 572 932 ὑπέρθυμοι
598 884 849 932 τηλεκλειτοί
870 883 901 923 τ’
930 885 1139 937 ἐπίκουροι,

205 945 389 997 κηάμενοι
415 949 517 999 πυρὰ
542 951 674 989 πολλὰ
704 951 800 990 κατὰ
826 952 1009 1003 στρατόν,
1040 951 1118 991 οὐδ’
1145 952 1200 992 ἔτι
1226 952 1328 1004 φασὶ

205 1013 416 1066 σχήσεσθ’,
446 1014 535 1055 ἀλλ’
561 1017 603 1055 ἐν
629 1017 745 1066 νηυσὶ
772 1018 1010 1074 μελαίνῃσιν
1036 1018 1263 1059 πεσέεσθαι.

205 1080 303 1121 Ζεὺς
328 1080 370 1120 δέ
397 1086 472 1133 σφι
500 1083 690 1133 Κρονίδης
720 1083 872 1134 ἐνδέξια
899 1083 1056 1135 σήματα
1081 1086 1234 1136 φαίνων

203 1144 432 1198 ἀστράπτει·
464 1147 620 1200 ’Έκτωρ
645 1152 685 1189 δὲ
712 1150 814 1202 μέγα
843 1150 977 1191 σθένεϊ
1001 1153 1253 1202 βλεμεαίνων

202 1214 380 1262 μαίνεται
406 1212 624 1264 ἐκπάγλως,
654 1217 820 1258 πίσυνος
850 1219 929 1263 Διί,
959 1218 1046 1258 οὐδέ
1072 1235 1108 1258 τι
1134 1219 1206 1258 τίει

203 1279 343 1331 ἀνέρας
370 1280 457 1321 οὐδὲ
483 1282 605 1323 θεούς·
646 1283 808 1334 κρατερὴ
838 1283 880 1323 δέ
905 1285 922 1323 ἑ
950 1284 1086 1324 λύσσα
1111 1284 1281 1326 δέδυκεν.

203 1347 341 1396 ἀρᾶται
367 1349 408 1387 δὲ
432 1345 605 1401 τάχιστα
632 1348 856 1401 φανήμεναι
882 1350 966 1390 Ἠῶ
993 1353 1092 1391 δῖαν·

204 1416 361 1453 στεῦται
388 1415 461 1465 γὰρ
488 1419 590 1464 νηῶν
617 1416 839 1468 ἀποκόψειν
867 1416 965 1468 ἄκρα
991 1418 1169 1469 κόρυμβα

203 1478 318 1521 αὐτάς
343 1479 375 1519 τ’
402 1480 618 1532 ἐμπρήσειν
641 1487 815 1535 μαλεροῦ
843 1484 974 1534 πυρός,
1002 1484 1122 1535 αὐτὰρ
1148 1484 1334 1539 Ἀχαιοὺς

202 1546 373 1601 δῃώσειν
398 1549 502 1599 παρὰ
527 1554 643 1604 τῇσιν
669 1549 918 1601 ὀρινομένους
945 1550 1019 1591 ὑπὸ
1046 1556 1204 1592 καπνοῦ.

200 1612 306 1652 ταῦτ’
331 1614 448 1655 αἰνῶς
472 1615 642 1655 δείδοικα
670 1618 766 1656 κατὰ
793 1616 932 1668 φρένα,
961 1617 1014 1668 μή
1040 1620 1074 1658 οἱ
1103 1619 1268 1660 ἀπειλὰς

201 1679 446 1720 ἐκτελέσωσι
471 1682 564 1727 θεοί,
592 1682 683 1732 ἡμῖν
713 1684 755 1723 δὲ
780 1683 825 1733 δὴ
853 1685 1014 1735 αἴσιμον
1041 1686 1099 1735 εἵη

202 1746 372 1797 φθίσθαι
398 1748 453 1787 ἐνὶ
479 1749 601 1804 Τροίῃ
628 1751 718 1791 ἑκὰς
742 1749 911 1802 ’Ἄργεος
938 1752 1185 1802 ἱπποβότοιο.

202 1812 292 1853 ἀλλ’
317 1813 402 1859 ἄνα,
431 1816 463 1854 εἰ
486 1814 658 1865 μέμονάς
685 1834 729 1869 γε
760 1817 821 1856 καὶ
848 1817 926 1869 ὀψέ
953 1835 1024 1870 περ
1048 1819 1133 1860 υἷας
1161 1818 1334 1873 Ἀχαιῶν

201 1879 446 1931 τειρομένους
473 1882 656 1932 ἐρύεσθαι
682 1883 756 1924 ὑπὸ
787 1885 935 1935 Τρώων
960 1886 1190 1937 ὀρυμαγδοῦ.

202 1947 302 2000 αὐτῷ
328 1963 387 1987 τοι
411 1948 618 1998 μετόπισθ’
644 1949 742 2004 ἄχος
775 1951 951 1997 ἔσσεται,
980 1951 1069 1992 οὐδέ
1093 1968 1130 1992 τι
1154 1955 1281 2006 μῆχος

199 2013 409 2066 ῥεχθέντος
435 2019 552 2055 κακοῦ
578 2015 660 2056 ἔστ’
689 2017 779 2059 ἄκος
815 2018 952 2070 εὑρεῖν·
991 2019 1095 2058 ἀλλὰ
1121 2019 1222 2059 πολὺ
1247 2020 1337 2071 πρὶν

202 2078 349 2131 φράζευ
375 2082 477 2122 ὅπως
506 2086 730 2124 Δαναοῖσιν
761 2083 970 2134 ἀλεξήσεις
996 2085 1116 2125 κακὸν
1142 2084 1255 2137 ἦμαρ.

1469 368 1532 399 225

1471 700 1535 732 230

1472 1033 1534 1065 235

1470 1366 1536 1397 240

1468 1697 1532 1730 245

1473 2033 1534 2063 250

245 2183 306 2211 224
321 2184 340 2204 a
357 2175 410 2206 καί
435 2188 488 2214 μιν
513 2177 662 2215 φωνήσας
686 2177 762 2209 ἔπεα
788 2179 966 2219 πτερόεντα
990 2181 1154 2222 προσηύδα
1178 2193 1214 2213 m
1227 2182 1306 2213 Bm*
1319 2184 1372 2214 Mc
1387 2184 1441 2215 Lm
1458 2197 1524 2225 mg.

289 2227 351 2256 225
377 2220 517 2250 ἐπιδευεῖ
530 2218 587 2249 ΑΓ.
608 2231 614 2249 :
640 2222 782 2259 ἐπιδεὺῆς
799 2222 861 2252 dA
874 2221 920 2252 O2
936 2223 979 2253 U¹
1104 2227 1166 2264 236
1191 2228 1224 2258 ἐν
1241 2229 1326 2267 δεξιὰ
1345 2227 1428 2259 Ptol.
1446 2230 1523 2261 Asc.

200 2258 244 2288 Os*
359 2271 420 2300 242
444 2275 481 2293 τε
498 2263 631 2303 πρήσειν
648 2274 666 2294 e
682 2276 688 2294 :
712 2266 741 2296 τ’
761 2266 937 2305 ἐμπλήσειν
954 2266 1013 2298 ΑΓ.
1034 2268 1075 2297 IJ'
1089 2267 1138 2298 M7
1152 2267 1211 2298 U¹⁰
1330 2281 1392 2309 243
1417 2273 1526 2313 ἀτυζυ-

197 2301 311 2341 μένους
328 2308 405 2335 cfh
418 2315 459 2335 r:
484 2310 659 2345 utrumqne
679 2307 770 2339 Eust.
883 2314 990 2351 καπνῷ
1007 2315 1031 2341 h
1045 2310 1167 2341 L¹⁶V¹⁶
1179 2311 1248 2350 V·'·‘-'‚
1267 2314 1321 2345 cit.
1344 2314 1435 2346 Eust.

198 2347 260 2383 248
286 2347 362 2379 ὑπὲκ
380 2347 508 2378 V¹2V¹³
524 2350 564 2380 al.
703 2361 766 2389 250
789 2352 960 2393 ῥεχθέντος
977 2367 1013 2385 τε·
1033 2354 1101 2397 (γε)
1120 2358 1217 2388 κακοῦ
1234 2358 1307 2389 ἄκος
1326 2360 1425 2400 εὑρεῖν
1442 2369 1466 2396 g·
