1660 2802
681 120 715 155 8.
790 114 1045 153 ῘΛΙΑΔΟΣ
1097 114 1135 152 Θ

244 223 307 261 καί
332 237 377 260 σε
404 220 520 260 νόθον
546 235 617 270 περ
642 218 758 258 ἐόντα
785 221 1006 268 κομίσσατο
1033 215 1061 272 ᾧ
1090 219 1146 258 ἐνὶ
1174 219 1279 272 οἴκῳ·

241 287 309 326 τὸν
337 288 398 326 καὶ
423 285 556 336 τηλόθ’
584 285 698 325 ἐόντα
723 285 900 333 ἐϋκλείης
927 285 1138 334 ἐπίβησον.
1507 289 1567 328 285

243 354 308 393 σοὶ
334 352 365 392 δ’
393 354 469 405 ἐγὼ
496 351 635 404 ἐξερέω
662 351 712 392 ὡς
741 352 801 391 καὶ
827 349 1114 401 τετελεσμένον
1140 350 1265 390 ἔσται·

242 421 283 459 αἵ
306 419 371 460 κέν
396 436 463 470 μοι
487 419 564 474 δώῃ
592 418 690 459 Ζεύς
715 417 748 456 τ’
773 418 953 470 αἰγίοχος
979 416 1042 456 καὶ
1067 415 1213 467 Ἀθήνη

242 486 363 526 Ἰλίου
390 482 633 536 ἐξαλαπάξαι
658 485 883 535 ἐϋκτίμενον
908 484 1156 535 πτολίεθρον,

243 553 380 606 πρώτῳ
406 568 466 591 τοι
490 551 572 602 μετ’
599 552 665 602 ἐμὲ
693 549 915 601 πρεσβήϊον
941 551 984 590 ἐν
1009 550 1097 603 χερὶ
1123 548 1245 600 θήσω,

242 616 264 668 ἢ
289 618 439 669 τρίποδ’
464 618 509 668 ἠὲ
534 618 610 657 δύω
637 618 779 659 ἵππους
804 617 983 657 αὐτοῖσιν
1009 618 1184 670 ὄχεσφιν
1509 629 1571 661 290

241 685 285 735 ἠὲ
311 684 478 738 γυναῖχ’,
507 685 531 734 ἥ
557 683 622 724 κέν
647 701 706 724 τοι
732 683 827 735 ὁμὸν
851 683 973 737 λέχος
999 682 1314 734 εἷσαναβαίνοι.”

307 751 389 791 Τὸν
415 751 446 791 δ’
475 752 794 802 ἀπαμειβόμενος
819 751 1079 803 προσεφώνεε
1102 753 1273 802 Τεῦκρος
1298 750 1471 801 ἀμύμων·

245 822 269 835 “
290 818 467 870 Ἀτρείδη
496 818 664 863 κύδιστε,
691 818 733 857 τί
753 834 800 867 με
827 818 1048 857 σπεύδοντα
1074 817 1135 857 καὶ
1162 816 1279 857 αὐτὸν

242 886 432 936 ὀτρύνεις;
472 885 515 924 οὐ
540 884 612 936 μέν
637 901 697 924 τοι
722 885 798 934 ὅση
825 884 987 934 δύναμίς
1011 900 1057 935 γε
1082 882 1248 935 πάρεστι

242 952 426 1002 παύομαι,
455 951 544 992 ἀλλ’
571 950 617 1001 ἐξ
640 951 684 991 οὗ
709 952 823 1002 προτὶ
843 950 971 990 Ἴλιον
996 949 1170 1001 ὠσάμεθ’
1194 949 1344 994 αὐτούς,
1508 960 1569 993 295

243 1020 284 1058 ἐκ
310 1022 377 1058 τοῦ
402 1018 448 1068 δὴ
473 1016 628 1068 τόξοισι
653 1016 885 1070 δεδεγμένος
910 1017 1052 1069 ἄνδρας
1079 1017 1230 1068 ἐναίρω.

242 1086 342 1125 ὀκτὼ
368 1085 413 1135 δὴ
440 1083 613 1136 προέηκα
637 1084 935 1137 τανυγλώχινας
960 1083 1130 1129 ὀϊστούς,

244 1151 387 1193 πάντες
412 1151 445 1190 δ’
474 1153 514 1192 ἐν
540 1150 632 1204 χροῒ
655 1153 808 1203 πῆχθεν
833 1151 1026 1202 ἀρηϊθόων
1051 1150 1205 1200 αἰζηῶν·

244 1221 380 1258 τοῦτον
407 1217 439 1257 δ’
466 1218 510 1258 οὐ
535 1217 699 1268 δύναμαι
725 1216 891 1267 βαλέειν
920 1217 1013 1256 κύνα
1037 1215 1308 1268 λυσσητῆρα.”

305 1284 361 1323 ἿΙ
386 1285 447 1337 ῥα,
477 1285 539 1325 καὶ
565 1284 690 1324 ἄλλον
715 1284 851 1323 ὀϊστὸν
877 1283 953 1323 ἀπὸ
979 1285 1166 1335 νευρῆφιν
1193 1285 1330 1323 ἴαλλεν
1510 1294 1571 1325 300

237 1350 429 1403 ’Έκτορος
453 1352 621 1402 ἀντικρύ,
648 1349 812 1401 βαλέειν
838 1349 880 1390 δέ
905 1352 921 1389 ἑ
949 1350 1028 1389 ἵετο
1054 1349 1185 1400 θυμός·

247 1418 307 1457 καὶ
331 1421 399 1457 τοῦ
423 1416 495 1468 μέν
518 1417 558 1469 ῥ’
585 1416 796 1469 ἀφάμαρθ’,
825 1417 844 1455 ὁ
871 1415 902 1455 δ’
929 1416 1107 1467 ἀμύμονα
1134 1417 1386 1468 Γοργυθίωνα

244 1484 327 1524 υἱὸν
354 1482 418 1524 ἐῢν
444 1483 639 1535 Πριάμοιο
666 1484 762 1523 κατὰ
788 1485 932 1532 στῆθος
957 1482 1086 1533 βάλεν
1113 1484 1170 1536 ἰῷ,

244 1552 313 1590 τόν
336 1550 376 1602 ῤ’
405 1549 449 1600 ἐξ
472 1550 699 1601 Αἰσύμηθεν
723 1548 934 1600 ὀπυιομένη
962 1548 1049 1589 τέκε
1072 1548 1198 1600 μήτηρ

247 1616 344 1666 καλὴ
373 1616 640 1668 Καστιάνειρα
665 1615 783 1667 δέμας
809 1617 933 1656 ἐϊκυῖα
959 1618 1085 1672 θεῇσι.
1510 1625 1569 1657 305

244 1682 376 1734 μήκων
402 1682 433 1723 δ’
460 1683 510 1724 ὡς
536 1682 705 1734 ἑτέρωσε
732 1682 826 1734 κάρη
852 1682 994 1733 βάλεν,
1022 1682 1046 1732 ἥ
1071 1681 1103 1721 τ’
1129 1682 1187 1722 ἐνὶ
1214 1679 1334 1735 κήπῳ,

247 1753 377 1803 καρπῷ
403 1748 619 1801 βριθομένη
647 1750 804 1806 νοτίῃσί
825 1765 867 1789 τε
893 1750 1122 1805 εἰαρινῇσιν,

247 1817 297 1857 ὣς
323 1814 482 1868 ἑτέρωσ’
508 1815 635 1866 ἤμυσε
662 1815 755 1868 κάρη
782 1813 928 1865 πήληκι
952 1813 1163 1867 βαρυνθέν.

311 1885 481 1933 Τεῦκρος
507 1882 538 1921 δ’
565 1881 689 1923 ἄλλον
715 1881 852 1922 ὀϊστὸν
877 1881 954 1922 ἀπὸ
980 1883 1169 1933 νευρῆφιν
1194 1883 1333 1920 ’ίαλλεν

238 1948 431 2000 “Έκτορος
456 1949 625 2000 ἀντικρύ,
657 1947 822 1999 βαλέειν
847 1947 889 1988 δέ
914 1950 930 1988 ἑ
957 1949 1036 1988 ἵετο
1062 1947 1192 1998 θυμός.
1509 1957 1571 1988 3Ῑο

247 2015 337 2055 ἀλλ’
362 2016 384 2054 ὅ
407 2031 452 2067 γε
479 2015 540 2054 καὶ
564 2014 646 2053 τόθ’
674 2014 833 2066 ἅμαρτε·
870 2013 1131 2067 παρέσφηλεν
1156 2015 1230 2065 γὰρ
1254 2012 1479 2053 Ἀπόλλων·

248 2081 337 2121 ἀλλ’
363 2081 697 2133 Ἀρχεπτόλεμον,
727 2080 875 2132 θρασὺν
893 2079 1085 2132 “Ἐκτορος
1109 2080 1289 2131 ἡνιοχῆα,

288 2174 350 2210 284
384 2182 447 2202 om.
474 2171 565 2210 Zen.,
595 2172 662 2203 ath.
689 2172 863 2215 Aristoph.
891 2173 951 2204 Ar.
1086 2183 1150 2212 290
1172 2174 1258 2204 ἵππω
1286 2173 1368 2204 Zen.
1395 2172 1568 2213 Aristoph.

245 2214 286 2245 L2
300 2213 534 2245 ΙΑῙὩΤΧῘῊἺῘ27
649 2226 709 2255 291
736 2216 882 2258 γυναῖχ’]
904 2216 1012 2254 ’Ῑόπην
1028 2215 1110 2246 Zen.
1240 2226 1304 2254 294
1327 2215 1394 2256 τοι]
1412 2229 1464 2256 μοι
1481 2221 1572 2254 aba*

242 2258 374 2294 PrAT
387 2256 445 2289 V¹9
455 2257 513 2288 V2'3
609 2261 671 2298 296
696 2262 730 2291 ἐκ
743 2259 816 2301 τοῦ]
835 2260 893 2291 αἰεὶ
912 2269 936 2297 g·
1027 2258 1220 2299 δεδεχμένος
1240 2259 1331 2290 Hdn.
1421 2269 1485 2298 299
1509 2267 1570 2292 λω-

243 2304 370 2343 βητῆρα
386 2312 418 2333 ν.
434 2301 454 2333 1.
472 2311 527 2340 ap.
549 2301 641 2333 Eust.
829 2312 891 2341 304
918 2301 1116 2342 Αἶσύμνηθεν
1132 2301 1213 2333 Zen.
1233 2302 1406 2343 Aristoph.
1424 2302 1481 2332 Ar.

241 2353 304 2383 305
331 2344 528 2377 Κασσιέπεια
546 2347 626 2377 θεοῖς
640 2345 735 2385 δέμας
754 2348 871 2377 ἐοικυῖα
888 2345 942 2377 cit.
964 2344 1089 2377 Athen.
1109 2347 1173 2384 632
1191 2345 1217 2376 E
1348 2356 1407 2385 311
1434 2347 1485 2378 καὶ
1502 2345 1569 2378 τόθ’

243 2394 276 2417 et
293 2390 351 2419 τοῦ
367 2387 425 2427 μὲν
442 2388 500 2417 ΑΓ.
524 2389 650 2429 (διχῶςῗ)
670 2403 674 2419 :
703 2389 766 2420 hoc
785 2389 879 2419 codd.
