<?xml version="1.0" encoding="UTF-8"?>
<!DOCTYPE html PUBLIC "-//W3C//DTD XHTML 1.0 Transitional//EN"
    "http://www.w3.org/TR/xhtml1/DTD/xhtml1-transitional.dtd">
<html xmlns="http://www.w3.org/1999/xhtml" xml:lang="en" lang="en">
 <head>
  <title>
</title>
<meta http-equiv="Content-Type" content="text/html;charset=utf-8" />
  <meta name='ocr-system' content='tesseract 3.04.00' />
  <meta name='ocr-capabilities' content='ocr_page ocr_carea ocr_par ocr_line ocrx_word'/>
</head>
<body>
  <div class='ocr_page' id='page_1' title='image "./operarecognoveru01homeuoft_0046.png"; bbox 0 0 1670 2828; ppageno 0'>
   <div class='ocr_carea' id='block_1_1' title="bbox 712 135 1163 175">
    <p class='ocr_par' dir='ltr' id='par_1_1' title="bbox 712 135 1163 175">
     <span class='ocr_line' id='line_1_1' title="bbox 712 135 1163 175; baseline -0.009 0"><span class='ocrx_word' id='word_1_1' title='bbox 712 143 743 175; x_wconf 93' lang='lat' dir='ltr'>l.</span> <span class='ocrx_word' id='word_1_2' title='bbox 817 135 1071 173; x_wconf 66' lang='grc' dir='ltr'>ῙᾹΙΑΔΟΣ</span> <span class='ocrx_word' id='word_1_3' title='bbox 1131 137 1163 171; x_wconf 81' lang='grc' dir='ltr'><strong>Α</strong></span> 
     </span>
    </p>
   </div>
   <div class='ocr_carea' id='block_1_2' title="bbox 264 239 1596 1086">
    <p class='ocr_par' dir='ltr' id='par_1_2' title="bbox 271 239 1131 294">
     <span class='ocr_line' id='line_1_2' title="bbox 271 239 1131 294; baseline -0.001 -14"><span class='ocrx_word' id='word_1_4' title='bbox 271 241 315 291; x_wconf 81' lang='grc' dir='ltr'>ἦε</span> <span class='ocrx_word' id='word_1_5' title='bbox 341 242 467 294; x_wconf 87' lang='grc' dir='ltr'>χόλον</span> <span class='ocrx_word' id='word_1_6' title='bbox 493 241 680 281; x_wconf 78' lang='grc' dir='ltr'>παύσειεν</span> <span class='ocrx_word' id='word_1_7' title='bbox 707 239 907 293; x_wconf 84' lang='grc' dir='ltr'>ἐρητύσειέ</span> <span class='ocrx_word' id='word_1_8' title='bbox 931 256 973 279; x_wconf 88' lang='grc' dir='ltr'>τε</span> <span class='ocrx_word' id='word_1_9' title='bbox 998 239 1131 289; x_wconf 86' lang='grc' dir='ltr'>θυμόν.</span> 
     </span>
    </p>

    <p class='ocr_par' dir='ltr' id='par_1_3' title="bbox 270 304 1352 359">
     <span class='ocr_line' id='line_1_3' title="bbox 270 304 1352 359; baseline -0.003 -13"><span class='ocrx_word' id='word_1_10' title='bbox 270 306 337 357; x_wconf 83' lang='grc' dir='ltr'>ἧος</span> <span class='ocrx_word' id='word_1_11' title='bbox 364 308 383 346; x_wconf 90' lang='grc' dir='ltr'><em>ὁ</em></span> <span class='ocrx_word' id='word_1_12' title='bbox 408 307 516 347; x_wconf 84' lang='grc' dir='ltr'>ταῦθ’</span> <span class='ocrx_word' id='word_1_13' title='bbox 541 308 711 359; x_wconf 83' lang='grc' dir='ltr'>ὥρμαινε</span> <span class='ocrx_word' id='word_1_14' title='bbox 738 308 833 346; x_wconf 80' lang='grc' dir='ltr'>κατὰ</span> <span class='ocrx_word' id='word_1_15' title='bbox 859 304 986 358; x_wconf 92' lang='grc' dir='ltr'>φρένα</span> <span class='ocrx_word' id='word_1_16' title='bbox 1011 306 1072 345; x_wconf 84' lang='grc' dir='ltr'>καὶ</span> <span class='ocrx_word' id='word_1_17' title='bbox 1098 305 1193 344; x_wconf 82' lang='grc' dir='ltr'>κατὰ</span> <span class='ocrx_word' id='word_1_18' title='bbox 1218 304 1352 354; x_wconf 90' lang='grc' dir='ltr'>θυμόν,</span> 
     </span>
    </p>

    <p class='ocr_par' dir='ltr' id='par_1_4' title="bbox 268 369 1594 560">
     <span class='ocr_line' id='line_1_4' title="bbox 271 369 1349 424; baseline -0.002 -11"><span class='ocrx_word' id='word_1_19' title='bbox 271 374 406 413; x_wconf 83' lang='grc' dir='ltr'>ἕλκετο</span> <span class='ocrx_word' id='word_1_20' title='bbox 433 373 466 413; x_wconf 85' lang='grc' dir='ltr'>δ’</span> <span class='ocrx_word' id='word_1_21' title='bbox 496 375 537 414; x_wconf 87' lang='grc' dir='ltr'>ἐκ</span> <span class='ocrx_word' id='word_1_22' title='bbox 564 376 718 414; x_wconf 84' lang='grc' dir='ltr'>κολεοῖο</span> <span class='ocrx_word' id='word_1_23' title='bbox 742 372 844 424; x_wconf 83' lang='grc' dir='ltr'>μέγα</span> <span class='ocrx_word' id='word_1_24' title='bbox 868 370 995 423; x_wconf 77' lang='grc' dir='ltr'>ξίφος,</span> <span class='ocrx_word' id='word_1_25' title='bbox 1024 369 1119 420; x_wconf 81' lang='grc' dir='ltr'>ἦλθε</span> <span class='ocrx_word' id='word_1_26' title='bbox 1145 370 1177 410; x_wconf 84' lang='grc' dir='ltr'>δ’</span> <span class='ocrx_word' id='word_1_27' title='bbox 1203 369 1349 420; x_wconf 89' lang='grc' dir='ltr'>Ἀθήνη</span> 
     </span>
     <span class='ocr_line' id='line_1_5' title="bbox 269 435 1594 492; baseline -0.004 -13"><span class='ocrx_word' id='word_1_28' title='bbox 269 439 493 491; x_wconf 83' lang='grc' dir='ltr'>οὐρανόθεν·</span> <span class='ocrx_word' id='word_1_29' title='bbox 533 439 608 492; x_wconf 86' lang='grc' dir='ltr'>πρὸ</span> <span class='ocrx_word' id='word_1_30' title='bbox 633 441 706 491; x_wconf 78' lang='grc' dir='ltr'>γαρ</span> <span class='ocrx_word' id='word_1_31' title='bbox 732 439 801 489; x_wconf 80' lang='grc' dir='ltr'>ἧκε</span> <span class='ocrx_word' id='word_1_32' title='bbox 827 439 896 479; x_wconf 79' lang='grc' dir='ltr'>θεὰ</span> <span class='ocrx_word' id='word_1_33' title='bbox 921 437 1167 478; x_wconf 85' lang='grc' dir='ltr'>λευκώλενος</span> <span class='ocrx_word' id='word_1_34' title='bbox 1184 435 1306 488; x_wconf 67' lang='lat' dir='ltr'><em>‘&#39;Hpn,</em></span> <span class='ocrx_word' id='word_1_35' title='bbox 1537 449 1594 480; x_wconf 83' lang='lat'>195</span> 
     </span>
     <span class='ocr_line' id='line_1_6' title="bbox 268 502 1240 560; baseline -0.002 -16"><span class='ocrx_word' id='word_1_36' title='bbox 268 505 387 558; x_wconf 83' lang='grc' dir='ltr'>ἄμφω</span> <span class='ocrx_word' id='word_1_37' title='bbox 413 506 515 556; x_wconf 82' lang='grc' dir='ltr'>ὁμῶς</span> <span class='ocrx_word' id='word_1_38' title='bbox 542 509 646 560; x_wconf 81' lang='grc' dir='ltr'>θυμῷ</span> <span class='ocrx_word' id='word_1_39' title='bbox 674 504 875 557; x_wconf 81' lang='grc' dir='ltr'>φιλέουσά</span> <span class='ocrx_word' id='word_1_40' title='bbox 900 521 942 544; x_wconf 86' lang='grc' dir='ltr'>τε</span> <span class='ocrx_word' id='word_1_41' title='bbox 969 502 1159 554; x_wconf 81' lang='grc' dir='ltr'>κηδομένη</span> <span class='ocrx_word' id='word_1_42' title='bbox 1185 519 1240 542; x_wconf 90' lang='grc' dir='ltr'>τε·</span> 
     </span>
    </p>

    <p class='ocr_par' dir='ltr' id='par_1_5' title="bbox 269 568 1294 622">
     <span class='ocr_line' id='line_1_7' title="bbox 269 568 1294 622; baseline -0.003 -11"><span class='ocrx_word' id='word_1_43' title='bbox 269 575 343 622; x_wconf 87' lang='grc' dir='ltr'>στῆ</span> <span class='ocrx_word' id='word_1_44' title='bbox 370 572 402 612; x_wconf 77' lang='grc' dir='ltr'>δ’</span> <span class='ocrx_word' id='word_1_45' title='bbox 429 573 576 618; x_wconf 83' lang='grc' dir='ltr'>ὄπιθεν,</span> <span class='ocrx_word' id='word_1_46' title='bbox 603 571 746 621; x_wconf 80' lang='grc' dir='ltr'>ξανθῆς</span> <span class='ocrx_word' id='word_1_47' title='bbox 773 574 814 611; x_wconf 81' lang='grc' dir='ltr'>δὲ</span> <span class='ocrx_word' id='word_1_48' title='bbox 841 571 962 621; x_wconf 86' lang='grc' dir='ltr'>κόμης</span> <span class='ocrx_word' id='word_1_49' title='bbox 989 571 1055 610; x_wconf 85' lang='grc' dir='ltr'>ἕλε</span> <span class='ocrx_word' id='word_1_50' title='bbox 1080 568 1294 619; x_wconf 82' lang='grc' dir='ltr'>Πηλεΐωνα</span> 
     </span>
    </p>

    <p class='ocr_par' dir='ltr' id='par_1_6' title="bbox 267 636 1236 692">
     <span class='ocr_line' id='line_1_8' title="bbox 267 636 1236 692; baseline -0.003 -14"><span class='ocrx_word' id='word_1_51' title='bbox 267 640 334 692; x_wconf 80' lang='grc' dir='ltr'>οἴῳ</span> <span class='ocrx_word' id='word_1_52' title='bbox 361 637 592 690; x_wconf 88' lang='grc' dir='ltr'>φαινομένη·</span> <span class='ocrx_word' id='word_1_53' title='bbox 630 641 707 678; x_wconf 88' lang='grc' dir='ltr'>τῶν</span> <span class='ocrx_word' id='word_1_54' title='bbox 734 637 765 678; x_wconf 85' lang='grc' dir='ltr'>δ’</span> <span class='ocrx_word' id='word_1_55' title='bbox 793 637 928 677; x_wconf 80' lang='grc' dir='ltr'>ἄλλων</span> <span class='ocrx_word' id='word_1_56' title='bbox 956 637 999 676; x_wconf 76' lang='grc' dir='ltr'>οὔ</span> <span class='ocrx_word' id='word_1_57' title='bbox 1025 652 1083 677; x_wconf 90' lang='grc' dir='ltr'>τις</span> <span class='ocrx_word' id='word_1_58' title='bbox 1108 636 1236 687; x_wconf 77' lang='grc' dir='ltr'>ὁρᾶτο·</span> 
     </span>
    </p>

    <p class='ocr_par' dir='ltr' id='par_1_7' title="bbox 267 699 1596 888">
     <span class='ocr_line' id='line_1_9' title="bbox 268 699 1508 757; baseline -0.002 -13"><span class='ocrx_word' id='word_1_59' title='bbox 268 703 476 755; x_wconf 78' lang='grc' dir='ltr'>θάμβησεν</span> <span class='ocrx_word' id='word_1_60' title='bbox 501 704 532 745; x_wconf 81' lang='grc' dir='ltr'>δ’</span> <span class='ocrx_word' id='word_1_61' title='bbox 559 704 756 757; x_wconf 84' lang='grc' dir='ltr'>Ἀχιλεύς,</span> <span class='ocrx_word' id='word_1_62' title='bbox 784 705 883 754; x_wconf 79' lang='grc' dir='ltr'>μετὰ</span> <span class='ocrx_word' id='word_1_63' title='bbox 909 703 940 742; x_wconf 84' lang='grc' dir='ltr'>δ’</span> <span class='ocrx_word' id='word_1_64' title='bbox 969 700 1159 754; x_wconf 81' lang='grc' dir='ltr'>ἐτράπετ’,</span> <span class='ocrx_word' id='word_1_65' title='bbox 1188 701 1324 741; x_wconf 81' lang='grc' dir='ltr'>αὐτίκα</span> <span class='ocrx_word' id='word_1_66' title='bbox 1348 699 1380 741; x_wconf 85' lang='grc' dir='ltr'>δ’</span> <span class='ocrx_word' id='word_1_67' title='bbox 1406 700 1508 753; x_wconf 82' lang='grc' dir='ltr'>ἔγνω</span> 
     </span>
     <span class='ocr_line' id='line_1_10' title="bbox 267 767 1596 820; baseline -0.002 -10"><span class='ocrx_word' id='word_1_68' title='bbox 267 770 449 810; x_wconf 79' lang='grc' dir='ltr'>Παλλάδ’</span> <span class='ocrx_word' id='word_1_69' title='bbox 471 770 695 820; x_wconf 81' lang='grc' dir='ltr'>Ἀθηναίην·</span> <span class='ocrx_word' id='word_1_70' title='bbox 733 771 847 810; x_wconf 86' lang='grc' dir='ltr'>δεινὼ</span> <span class='ocrx_word' id='word_1_71' title='bbox 876 769 918 810; x_wconf 89' lang='grc' dir='ltr'>δέ</span> <span class='ocrx_word' id='word_1_72' title='bbox 943 771 978 808; x_wconf 82' lang='grc' dir='ltr'>οἱ</span> <span class='ocrx_word' id='word_1_73' title='bbox 1006 770 1110 808; x_wconf 82' lang='grc' dir='ltr'>ὄσσε</span> <span class='ocrx_word' id='word_1_74' title='bbox 1136 767 1325 820; x_wconf 84' lang='grc' dir='ltr'>φάανθεν·</span> <span class='ocrx_word' id='word_1_75' title='bbox 1531 779 1596 802; x_wconf 84' lang='grc'>200</span> 
     </span>
     <span class='ocr_line' id='line_1_11' title="bbox 267 834 1240 888; baseline -0.001 -13"><span class='ocrx_word' id='word_1_76' title='bbox 267 837 331 876; x_wconf 86' lang='grc' dir='ltr'>καί</span> <span class='ocrx_word' id='word_1_77' title='bbox 352 853 418 886; x_wconf 84' lang='grc' dir='ltr'>μιν</span> <span class='ocrx_word' id='word_1_78' title='bbox 444 835 634 888; x_wconf 83' lang='grc' dir='ltr'>φωνήσας</span> <span class='ocrx_word' id='word_1_79' title='bbox 660 837 755 876; x_wconf 82' lang='grc' dir='ltr'>ἔπεα</span> <span class='ocrx_word' id='word_1_80' title='bbox 781 837 999 888; x_wconf 90' lang='grc' dir='ltr'>πτερόεντα</span> <span class='ocrx_word' id='word_1_81' title='bbox 1025 834 1240 887; x_wconf 85' lang='grc' dir='ltr'>προσηύδα·</span> 
     </span>
    </p>

    <p class='ocr_par' dir='ltr' id='par_1_8' title="bbox 267 899 1312 955">
     <span class='ocr_line' id='line_1_12' title="bbox 267 899 1312 955; baseline 0 -13"><span class='ocrx_word' id='word_1_82' title='bbox 267 902 408 942; x_wconf 82' lang='grc' dir='ltr'>“τίπτ’</span> <span class='ocrx_word' id='word_1_83' title='bbox 433 902 527 948; x_wconf 75' lang='grc' dir='ltr'>αὖτ’,</span> <span class='ocrx_word' id='word_1_84' title='bbox 557 903 751 955; x_wconf 79' lang='grc' dir='ltr'>αἰγιόχοιο</span> <span class='ocrx_word' id='word_1_85' title='bbox 780 901 877 943; x_wconf 82' lang='grc' dir='ltr'>Διὸς</span> <span class='ocrx_word' id='word_1_86' title='bbox 904 901 1027 947; x_wconf 83' lang='grc' dir='ltr'>τέκος,</span> <span class='ocrx_word' id='word_1_87' title='bbox 1059 899 1312 950; x_wconf 69' lang='grc' dir='ltr'>εἰλήλουθαςς</span> 
     </span>
    </p>

    <p class='ocr_par' dir='ltr' id='par_1_9' title="bbox 264 966 1172 1024">
     <span class='ocr_line' id='line_1_13' title="bbox 264 966 1172 1024; baseline -0.001 -16"><span class='ocrx_word' id='word_1_88' title='bbox 264 967 287 1018; x_wconf 81' lang='grc' dir='ltr'><em>ἦ</em></span> <span class='ocrx_word' id='word_1_89' title='bbox 312 970 375 1008; x_wconf 83' lang='grc' dir='ltr'>ἵνα</span> <span class='ocrx_word' id='word_1_90' title='bbox 398 969 514 1020; x_wconf 75' lang='grc' dir='ltr'>ὕβριν</span> <span class='ocrx_word' id='word_1_91' title='bbox 541 971 601 1024; x_wconf 86' lang='grc' dir='ltr'>ἴδῃ</span> <span class='ocrx_word' id='word_1_92' title='bbox 627 968 924 1020; x_wconf 80' lang='grc' dir='ltr'>Ἀγαμέμνονος</span> <span class='ocrx_word' id='word_1_93' title='bbox 949 966 1172 1020; x_wconf 76' lang='grc' dir='ltr'>Ἀτρείδαο;</span> 
     </span>
    </p>

    <p class='ocr_par' dir='ltr' id='par_1_10' title="bbox 264 1033 1212 1086">
     <span class='ocr_line' id='line_1_14' title="bbox 264 1033 1212 1086; baseline -0.001 -12"><span class='ocrx_word' id='word_1_94' title='bbox 264 1034 355 1074; x_wconf 83' lang='grc' dir='ltr'>ἀλλ’</span> <span class='ocrx_word' id='word_1_95' title='bbox 381 1034 422 1075; x_wconf 82' lang='grc' dir='ltr'>ἔκ</span> <span class='ocrx_word' id='word_1_96' title='bbox 447 1052 507 1075; x_wconf 88' lang='grc' dir='ltr'>τοι</span> <span class='ocrx_word' id='word_1_97' title='bbox 534 1034 641 1086; x_wconf 82' lang='grc' dir='ltr'>ἐρέω,</span> <span class='ocrx_word' id='word_1_98' title='bbox 669 1035 713 1075; x_wconf 84' lang='grc' dir='ltr'>τὸ</span> <span class='ocrx_word' id='word_1_99' title='bbox 739 1038 779 1076; x_wconf 78' lang='grc' dir='ltr'>δὲ</span> <span class='ocrx_word' id='word_1_100' title='bbox 805 1035 867 1075; x_wconf 84' lang='grc' dir='ltr'>καὶ</span> <span class='ocrx_word' id='word_1_101' title='bbox 895 1033 1104 1075; x_wconf 88' lang='grc' dir='ltr'>τελέεσθαι</span> <span class='ocrx_word' id='word_1_102' title='bbox 1131 1033 1212 1073; x_wconf 78' lang='grc' dir='ltr'>ὀΐω·</span> 
     </span>
    </p>
   </div>
   <div class='ocr_carea' id='block_1_3' title="bbox 261 1098 1620 1157">
    <p class='ocr_par' dir='ltr' id='par_1_11' title="bbox 261 1098 1620 1157">
     <span class='ocr_line' id='line_1_15' title="bbox 261 1098 1620 1157; baseline -0.007 -15"><span class='ocrx_word' id='word_1_103' title='bbox 261 1099 302 1157; x_wconf 78' lang='grc' dir='ltr'>ᾗς</span> <span class='ocrx_word' id='word_1_104' title='bbox 326 1102 589 1157; x_wconf 84' lang='grc' dir='ltr'>ὑπεροπλίῃσι</span> <span class='ocrx_word' id='word_1_105' title='bbox 613 1101 702 1154; x_wconf 81' lang='grc' dir='ltr'>τάχ’</span> <span class='ocrx_word' id='word_1_106' title='bbox 728 1101 774 1141; x_wconf 79' lang='grc' dir='ltr'>ἄν</span> <span class='ocrx_word' id='word_1_107' title='bbox 801 1118 895 1142; x_wconf 91' lang='grc' dir='ltr'>ποτε</span> <span class='ocrx_word' id='word_1_108' title='bbox 927 1100 1046 1151; x_wconf 81' lang='grc' dir='ltr'>θυμὸν</span> <span class='ocrx_word' id='word_1_109' title='bbox 1073 1098 1268 1155; x_wconf 86' lang='grc' dir='ltr'>ὀλέσσῃ.”</span> <span class='ocrx_word' id='word_1_110' title='bbox 1535 1103 1620 1142; x_wconf 89' lang='lat'><strong>205&#39;</strong></span> 
     </span>
    </p>
   </div>
   <div class='ocr_carea' id='block_1_4' title="bbox 264 1164 1404 1314">
    <p class='ocr_par' dir='ltr' id='par_1_12' title="bbox 264 1164 1404 1314">
     <span class='ocr_line' id='line_1_16' title="bbox 327 1164 1354 1220; baseline 0 -14"><span class='ocrx_word' id='word_1_111' title='bbox 327 1167 407 1207; x_wconf 83' lang='grc' dir='ltr'>Τὸν</span> <span class='ocrx_word' id='word_1_112' title='bbox 432 1167 464 1207; x_wconf 84' lang='grc' dir='ltr'>δ’</span> <span class='ocrx_word' id='word_1_113' title='bbox 490 1168 579 1208; x_wconf 78' lang='grc' dir='ltr'>αῧτε</span> <span class='ocrx_word' id='word_1_114' title='bbox 604 1167 817 1220; x_wconf 87' lang='grc' dir='ltr'>προσέειπε</span> <span class='ocrx_word' id='word_1_115' title='bbox 843 1170 911 1208; x_wconf 77' lang='grc' dir='ltr'>θεὰ</span> <span class='ocrx_word' id='word_1_116' title='bbox 941 1170 1168 1218; x_wconf 82' lang='grc' dir='ltr'>γλαυκῶπις</span> <span class='ocrx_word' id='word_1_117' title='bbox 1193 1164 1354 1216; x_wconf 85' lang='grc' dir='ltr'>Ἀθήνη·</span> 
     </span>
     <span class='ocr_line' id='line_1_17' title="bbox 264 1231 1404 1285; baseline 0.001 -12"><span class='ocrx_word' id='word_1_118' title='bbox 264 1236 288 1251; x_wconf 90' lang='lat'><em>“</em></span> <span class='ocrx_word' id='word_1_119' title='bbox 305 1232 427 1283; x_wconf 82' lang='grc' dir='ltr'>ἦλθον</span> <span class='ocrx_word' id='word_1_120' title='bbox 452 1235 529 1285; x_wconf 82' lang='grc' dir='ltr'>ἐγὼ</span> <span class='ocrx_word' id='word_1_121' title='bbox 555 1234 767 1275; x_wconf 81' lang='grc' dir='ltr'>παύσουσα</span> <span class='ocrx_word' id='word_1_122' title='bbox 792 1234 835 1274; x_wconf 84' lang='grc' dir='ltr'>τὸ</span> <span class='ocrx_word' id='word_1_123' title='bbox 862 1234 936 1274; x_wconf 85' lang='grc' dir='ltr'>σὸν</span> <span class='ocrx_word' id='word_1_124' title='bbox 964 1231 1091 1283; x_wconf 90' lang='grc' dir='ltr'>μένος,</span> <span class='ocrx_word' id='word_1_125' title='bbox 1124 1234 1166 1273; x_wconf 85' lang='grc' dir='ltr'>αἵ</span> <span class='ocrx_word' id='word_1_126' title='bbox 1190 1250 1231 1273; x_wconf 92' lang='grc' dir='ltr'>κε</span> <span class='ocrx_word' id='word_1_127' title='bbox 1255 1233 1404 1283; x_wconf 87' lang='grc' dir='ltr'>πίθηαι,</span> 
     </span>
     <span class='ocr_line' id='line_1_18' title="bbox 654 1299 774 1314; baseline 0.008 -1"><span class='ocrx_word' id='word_1_128' title='bbox 654 1299 663 1313; x_wconf 92' lang='grc' dir='ltr'><em>Ι</em></span> <span class='ocrx_word' id='word_1_129' title='bbox 717 1300 725 1314; x_wconf 67' lang='grc'><strong>3</strong></span> <span class='ocrx_word' id='word_1_130' title='bbox 757 1301 774 1314; x_wconf 57' lang='grc' dir='ltr'>’ἓ</span> 
     </span>
    </p>
   </div>
   <div class='ocr_carea' id='block_1_5' title="bbox 260 1298 1319 1421">
    <p class='ocr_par' dir='ltr' id='par_1_13' title="bbox 260 1298 1319 1421">
     <span class='ocr_line' id='line_1_19' title="bbox 261 1298 1319 1353; baseline -0.001 -13"><span class='ocrx_word' id='word_1_131' title='bbox 261 1300 483 1351; x_wconf 85' lang='grc' dir='ltr'>οὐρανόθεν·</span> <span class='ocrx_word' id='word_1_132' title='bbox 521 1300 596 1353; x_wconf 83' lang='grc' dir='ltr'>πρὸ</span> <span class='ocrx_word' id='word_1_133' title='bbox 622 1304 663 1341; x_wconf 91' lang='grc' dir='ltr'>δε</span> <span class='ocrx_word' id='word_1_134' title='bbox 687 1319 714 1351; x_wconf 91' lang='grc' dir='ltr'>μ</span> <span class='ocrx_word' id='word_1_135' title='bbox 752 1318 821 1351; x_wconf 76' lang='grc' dir='ltr'>ηκε</span> <span class='ocrx_word' id='word_1_136' title='bbox 848 1302 916 1340; x_wconf 80' lang='grc' dir='ltr'>θεὰ</span> <span class='ocrx_word' id='word_1_137' title='bbox 947 1300 1190 1341; x_wconf 84' lang='grc' dir='ltr'>λευκώλενος</span> <span class='ocrx_word' id='word_1_138' title='bbox 1211 1298 1319 1352; x_wconf 66' lang='lat' dir='ltr'>“Hpq</span> 
     </span>
     <span class='ocr_line' id='line_1_20' title="bbox 260 1365 1230 1421; baseline 0.001 -16"><span class='ocrx_word' id='word_1_139' title='bbox 260 1366 377 1417; x_wconf 81' lang='grc' dir='ltr'>ἄμφω</span> <span class='ocrx_word' id='word_1_140' title='bbox 404 1367 506 1417; x_wconf 85' lang='grc' dir='ltr'>ὁμῶς</span> <span class='ocrx_word' id='word_1_141' title='bbox 532 1370 636 1421; x_wconf 85' lang='grc' dir='ltr'>θυμῷ</span> <span class='ocrx_word' id='word_1_142' title='bbox 664 1366 864 1419; x_wconf 83' lang='grc' dir='ltr'>φιλέουσά</span> <span class='ocrx_word' id='word_1_143' title='bbox 890 1383 932 1407; x_wconf 86' lang='grc' dir='ltr'>τε</span> <span class='ocrx_word' id='word_1_144' title='bbox 960 1365 1150 1417; x_wconf 82' lang='grc' dir='ltr'>κηδομένη</span> <span class='ocrx_word' id='word_1_145' title='bbox 1175 1382 1230 1406; x_wconf 87' lang='grc' dir='ltr'>τε·</span> 
     </span>
    </p>
   </div>
   <div class='ocr_carea' id='block_1_6' title="bbox 259 1432 1638 1486">
    <p class='ocr_par' dir='ltr' id='par_1_14' title="bbox 259 1432 1638 1486">
     <span class='ocr_line' id='line_1_21' title="bbox 259 1432 1638 1486; baseline -0.001 -14"><span class='ocrx_word' id='word_1_146' title='bbox 259 1432 351 1472; x_wconf 84' lang='grc' dir='ltr'>ἀλλ’</span> <span class='ocrx_word' id='word_1_147' title='bbox 377 1433 448 1485; x_wconf 82' lang='grc' dir='ltr'>ἄγε</span> <span class='ocrx_word' id='word_1_148' title='bbox 471 1433 561 1485; x_wconf 83' lang='grc' dir='ltr'>λῆγ’</span> <span class='ocrx_word' id='word_1_149' title='bbox 592 1434 729 1485; x_wconf 83' lang='grc' dir='ltr'>ἔριδος,</span> <span class='ocrx_word' id='word_1_150' title='bbox 759 1435 855 1484; x_wconf 78' lang='grc' dir='ltr'>μηδὲ</span> <span class='ocrx_word' id='word_1_151' title='bbox 885 1432 1001 1485; x_wconf 78' lang='grc' dir='ltr'>ξίφος</span> <span class='ocrx_word' id='word_1_152' title='bbox 1028 1434 1141 1473; x_wconf 81' lang='grc' dir='ltr'>ἕλκεο</span> <span class='ocrx_word' id='word_1_153' title='bbox 1166 1433 1282 1486; x_wconf 89' lang='grc' dir='ltr'>χειρί·</span> <span class='ocrx_word' id='word_1_154' title='bbox 1534 1445 1598 1467; x_wconf 89' lang='lat'>210</span> <span class='ocrx_word' id='word_1_155' title='bbox 1636 1456 1638 1478; x_wconf 40' lang='grc' dir='ltr'><em>ζ</em></span> 
     </span>
    </p>
   </div>
   <div class='ocr_carea' id='block_1_7' title="bbox 255 1499 1596 1885">
    <p class='ocr_par' dir='ltr' id='par_1_15' title="bbox 255 1499 1596 1885">
     <span class='ocr_line' id='line_1_22' title="bbox 259 1499 1298 1551; baseline 0.001 -13"><span class='ocrx_word' id='word_1_156' title='bbox 259 1499 349 1539; x_wconf 77' lang='grc' dir='ltr'>ἀλλ’</span> <span class='ocrx_word' id='word_1_157' title='bbox 378 1499 460 1549; x_wconf 79' lang='grc' dir='ltr'>ἤτοι</span> <span class='ocrx_word' id='word_1_158' title='bbox 487 1500 624 1540; x_wconf 84' lang='grc' dir='ltr'>ἔπεσιν</span> <span class='ocrx_word' id='word_1_159' title='bbox 649 1502 722 1550; x_wconf 79' lang='grc' dir='ltr'>μὲν</span> <span class='ocrx_word' id='word_1_160' title='bbox 749 1501 947 1540; x_wconf 83' lang='grc' dir='ltr'>ὀνείδισον</span> <span class='ocrx_word' id='word_1_161' title='bbox 974 1500 1024 1541; x_wconf 83' lang='grc' dir='ltr'>ὡς</span> <span class='ocrx_word' id='word_1_162' title='bbox 1051 1499 1190 1540; x_wconf 82' lang='grc' dir='ltr'>ἔσεταί</span> <span class='ocrx_word' id='word_1_163' title='bbox 1213 1516 1298 1551; x_wconf 92' lang='grc' dir='ltr'>περ·</span> 
     </span>
     <span class='ocr_line' id='line_1_23' title="bbox 257 1564 1307 1618; baseline 0.001 -13"><span class='ocrx_word' id='word_1_164' title='bbox 257 1566 331 1605; x_wconf 83' lang='grc' dir='ltr'>ὧδε</span> <span class='ocrx_word' id='word_1_165' title='bbox 356 1568 429 1618; x_wconf 80' lang='grc' dir='ltr'>γὰρ</span> <span class='ocrx_word' id='word_1_166' title='bbox 457 1564 609 1617; x_wconf 78' lang='grc' dir='ltr'>ἐξερέω,</span> <span class='ocrx_word' id='word_1_167' title='bbox 637 1567 680 1606; x_wconf 84' lang='grc' dir='ltr'>τὸ</span> <span class='ocrx_word' id='word_1_168' title='bbox 707 1569 749 1607; x_wconf 82' lang='grc' dir='ltr'>δὲ</span> <span class='ocrx_word' id='word_1_169' title='bbox 777 1568 838 1607; x_wconf 87' lang='grc' dir='ltr'>καὶ</span> <span class='ocrx_word' id='word_1_170' title='bbox 866 1564 1154 1617; x_wconf 87' lang='grc' dir='ltr'>τετελεσμένον</span> <span class='ocrx_word' id='word_1_171' title='bbox 1181 1566 1307 1606; x_wconf 82' lang='grc' dir='ltr'>ἔσται·</span> 
     </span>
     <span class='ocr_line' id='line_1_24' title="bbox 258 1631 1351 1685; baseline 0.001 -14"><span class='ocrx_word' id='word_1_172' title='bbox 258 1633 323 1671; x_wconf 89' lang='grc' dir='ltr'>καί</span> <span class='ocrx_word' id='word_1_173' title='bbox 345 1631 438 1672; x_wconf 86' lang='grc' dir='ltr'>ποτέ</span> <span class='ocrx_word' id='word_1_174' title='bbox 462 1650 521 1673; x_wconf 91' lang='grc' dir='ltr'>τοι</span> <span class='ocrx_word' id='word_1_175' title='bbox 546 1633 627 1685; x_wconf 84' lang='grc' dir='ltr'>τρὶς</span> <span class='ocrx_word' id='word_1_176' title='bbox 651 1634 786 1673; x_wconf 90' lang='grc' dir='ltr'>τόσσα</span> <span class='ocrx_word' id='word_1_177' title='bbox 812 1631 1060 1684; x_wconf 88' lang='grc' dir='ltr'>παρέσσεται</span> <span class='ocrx_word' id='word_1_178' title='bbox 1090 1634 1221 1685; x_wconf 79' lang='grc' dir='ltr'>ἀγλαὰ</span> <span class='ocrx_word' id='word_1_179' title='bbox 1248 1636 1351 1685; x_wconf 83' lang='grc' dir='ltr'>δῶρα</span> 
     </span>
     <span class='ocr_line' id='line_1_25' title="bbox 255 1698 1393 1753; baseline 0.001 -15"><span class='ocrx_word' id='word_1_180' title='bbox 255 1700 392 1750; x_wconf 70' lang='grc' dir='ltr'>ὕβριος</span> <span class='ocrx_word' id='word_1_181' title='bbox 419 1700 547 1739; x_wconf 85' lang='grc' dir='ltr'>εἵνεκα</span> <span class='ocrx_word' id='word_1_182' title='bbox 571 1702 706 1750; x_wconf 83' lang='grc' dir='ltr'>τῆσδε·</span> <span class='ocrx_word' id='word_1_183' title='bbox 748 1700 798 1740; x_wconf 76' lang='grc' dir='ltr'>σὺ</span> <span class='ocrx_word' id='word_1_184' title='bbox 826 1699 857 1739; x_wconf 88' lang='grc' dir='ltr'>δ’</span> <span class='ocrx_word' id='word_1_185' title='bbox 886 1701 1012 1753; x_wconf 83' lang='grc' dir='ltr'>ἴσχεο,</span> <span class='ocrx_word' id='word_1_186' title='bbox 1046 1701 1179 1740; x_wconf 84' lang='grc' dir='ltr'>πείθεο</span> <span class='ocrx_word' id='word_1_187' title='bbox 1203 1699 1235 1739; x_wconf 89' lang='grc' dir='ltr'>δ’</span> <span class='ocrx_word' id='word_1_188' title='bbox 1263 1698 1393 1750; x_wconf 85' lang='grc' dir='ltr'>ἡμῖν.”</span> 
     </span>
     <span class='ocr_line' id='line_1_26' title="bbox 320 1765 1549 1819; baseline 0.003 -15"><span class='ocrx_word' id='word_1_189' title='bbox 320 1765 402 1815; x_wconf 81' lang='grc' dir='ltr'>Τὴν</span> <span class='ocrx_word' id='word_1_190' title='bbox 427 1765 459 1805; x_wconf 74' lang='grc' dir='ltr'>δ’</span> <span class='ocrx_word' id='word_1_191' title='bbox 485 1766 805 1816; x_wconf 72' lang='grc' dir='ltr'>ἀπαμειβόμενος</span> <span class='ocrx_word' id='word_1_192' title='bbox 836 1765 1022 1819; x_wconf 90' lang='grc' dir='ltr'>προσέφη</span> <span class='ocrx_word' id='word_1_193' title='bbox 1051 1767 1171 1808; x_wconf 85' lang='grc' dir='ltr'>πόδας</span> <span class='ocrx_word' id='word_1_194' title='bbox 1202 1765 1300 1808; x_wconf 84' lang='grc' dir='ltr'>ὠκὺς</span> <span class='ocrx_word' id='word_1_195' title='bbox 1323 1765 1549 1819; x_wconf 82' lang='grc' dir='ltr'>Ἀχιλλεύς·</span> 
     </span>
     <span class='ocr_line' id='line_1_27' title="bbox 257 1831 1596 1885; baseline 0.001 -15"><span class='ocrx_word' id='word_1_196' title='bbox 257 1831 373 1884; x_wconf 77' lang='grc' dir='ltr'>“χρὴ</span> <span class='ocrx_word' id='word_1_197' title='bbox 399 1833 470 1882; x_wconf 78' lang='grc' dir='ltr'>μὲν</span> <span class='ocrx_word' id='word_1_198' title='bbox 498 1832 722 1884; x_wconf 75' lang='grc' dir='ltr'>σφωΐτερόν</span> <span class='ocrx_word' id='word_1_199' title='bbox 750 1850 807 1884; x_wconf 87' lang='grc' dir='ltr'>γε,</span> <span class='ocrx_word' id='word_1_200' title='bbox 844 1832 924 1878; x_wconf 84' lang='grc' dir='ltr'>θεά,</span> <span class='ocrx_word' id='word_1_201' title='bbox 962 1833 1053 1874; x_wconf 84' lang='grc' dir='ltr'>ἔπος</span> <span class='ocrx_word' id='word_1_202' title='bbox 1080 1833 1342 1885; x_wconf 84' lang='grc' dir='ltr'>εἰρύσσασθαι</span> <span class='ocrx_word' id='word_1_203' title='bbox 1535 1835 1596 1867; x_wconf 84' lang='grc'>216</span> 
     </span>
    </p>
   </div>
   <div class='ocr_carea' id='block_1_8' title="bbox 253 1848 1670 2405">
    <p class='ocr_par' dir='ltr' id='par_1_16' title="bbox 253 1848 1670 2405">
     <span class='ocr_line' id='line_1_28' title="bbox 1658 1848 1663 1864; baseline 0 0"><span class='ocrx_word' id='word_1_204' title='bbox 1658 1848 1663 1864; x_wconf 70' lang='lat' dir='ltr'><strong><em>l</em></strong></span> 
     </span>
     <span class='ocr_line' id='line_1_29' title="bbox 1651 1869 1661 1892; baseline 0 0"><span class='ocrx_word' id='word_1_205' title='bbox 1651 1869 1661 1892; x_wconf 61' lang='lat' dir='ltr'>s</span> 
     </span>
     <span class='ocr_line' id='line_1_30' title="bbox 254 1897 1663 1953; baseline 0.002 -16"><span class='ocrx_word' id='word_1_206' title='bbox 254 1898 316 1937; x_wconf 90' lang='grc' dir='ltr'>καὶ</span> <span class='ocrx_word' id='word_1_207' title='bbox 339 1897 448 1948; x_wconf 79' lang='grc' dir='ltr'>μάλα</span> <span class='ocrx_word' id='word_1_208' title='bbox 475 1916 544 1950; x_wconf 86' lang='grc' dir='ltr'>περ</span> <span class='ocrx_word' id='word_1_209' title='bbox 572 1902 676 1953; x_wconf 80' lang='grc' dir='ltr'>θυμῷ</span> <span class='ocrx_word' id='word_1_210' title='bbox 708 1897 1004 1952; x_wconf 79' lang='grc' dir='ltr'>κεχολωμένον·</span> <span class='ocrx_word' id='word_1_211' title='bbox 1046 1901 1097 1941; x_wconf 81' lang='grc' dir='ltr'>ὧς</span> <span class='ocrx_word' id='word_1_212' title='bbox 1123 1901 1196 1951; x_wconf 78' lang='grc' dir='ltr'>γὰρ</span> <span class='ocrx_word' id='word_1_213' title='bbox 1222 1899 1393 1950; x_wconf 80' lang='grc' dir='ltr'>ἄμεινον·</span> <span class='ocrx_word' id='word_1_214' title='bbox 1653 1903 1663 1945; x_wconf 64' lang='lat'><em>3</em></span> 
     </span>
     <span class='ocr_line' id='line_1_31' title="bbox 253 1964 1330 2016; baseline 0.002 -13"><span class='ocrx_word' id='word_1_215' title='bbox 253 1964 295 2005; x_wconf 85' lang='grc' dir='ltr'>ὅς</span> <span class='ocrx_word' id='word_1_216' title='bbox 321 1981 362 2004; x_wconf 91' lang='grc' dir='ltr'>κε</span> <span class='ocrx_word' id='word_1_217' title='bbox 387 1967 488 2006; x_wconf 82' lang='grc' dir='ltr'>θεοῖς</span> <span class='ocrx_word' id='word_1_218' title='bbox 515 1966 774 2015; x_wconf 83' lang='grc' dir='ltr'>ἐπιπείθηται,</span> <span class='ocrx_word' id='word_1_219' title='bbox 813 1966 921 2016; x_wconf 87' lang='grc' dir='ltr'>μάλα</span> <span class='ocrx_word' id='word_1_220' title='bbox 944 1964 976 2006; x_wconf 85' lang='grc' dir='ltr'>τ’</span> <span class='ocrx_word' id='word_1_221' title='bbox 1011 1966 1151 2007; x_wconf 81' lang='grc' dir='ltr'>ἔκλυον</span> <span class='ocrx_word' id='word_1_222' title='bbox 1175 1965 1330 2006; x_wconf 78' lang='grc' dir='ltr'>αὐτοῦ.”</span> 
     </span>
     <span class='ocr_line' id='line_1_32' title="bbox 313 2029 1382 2088; baseline 0.003 -18"><span class='ocrx_word' id='word_1_223' title='bbox 313 2029 370 2070; x_wconf 56' lang='lat' dir='ltr'>³H</span> <span class='ocrx_word' id='word_1_224' title='bbox 398 2031 458 2071; x_wconf 81' lang='grc' dir='ltr'>καὶ</span> <span class='ocrx_word' id='word_1_225' title='bbox 485 2031 544 2071; x_wconf 83' lang='grc' dir='ltr'>ἐπ’</span> <span class='ocrx_word' id='word_1_226' title='bbox 574 2030 741 2088; x_wconf 82' lang='grc' dir='ltr'>ἀργυρέῃ</span> <span class='ocrx_word' id='word_1_227' title='bbox 779 2033 887 2088; x_wconf 83' lang='grc' dir='ltr'>κώπῃ</span> <span class='ocrx_word' id='word_1_228' title='bbox 919 2031 1041 2085; x_wconf 88' lang='grc' dir='ltr'>σχέθε</span> <span class='ocrx_word' id='word_1_229' title='bbox 1065 2036 1179 2086; x_wconf 87' lang='grc' dir='ltr'>χεῖρα</span> <span class='ocrx_word' id='word_1_230' title='bbox 1204 2036 1382 2084; x_wconf 80' lang='grc' dir='ltr'>βαρεῖαν,</span> 
     </span>
     <span class='ocr_line' id='line_1_33' title="bbox 253 2096 1658 2151; baseline 0.004 -14"><span class='ocrx_word' id='word_1_231' title='bbox 253 2096 314 2149; x_wconf 75' lang='grc' dir='ltr'>ἂψ</span> <span class='ocrx_word' id='word_1_232' title='bbox 338 2096 369 2136; x_wconf 79' lang='grc' dir='ltr'>δ’</span> <span class='ocrx_word' id='word_1_233' title='bbox 396 2098 435 2139; x_wconf 80' lang='grc' dir='ltr'>ἐς</span> <span class='ocrx_word' id='word_1_234' title='bbox 461 2098 628 2138; x_wconf 84' lang='grc' dir='ltr'>κουλεὸν</span> <span class='ocrx_word' id='word_1_235' title='bbox 657 2097 737 2139; x_wconf 71' lang='grc' dir='ltr'>ὦσε</span> <span class='ocrx_word' id='word_1_236' title='bbox 766 2097 868 2151; x_wconf 89' lang='grc' dir='ltr'>μέγα</span> <span class='ocrx_word' id='word_1_237' title='bbox 895 2097 1023 2151; x_wconf 81' lang='grc' dir='ltr'>ξίφος,</span> <span class='ocrx_word' id='word_1_238' title='bbox 1053 2098 1131 2139; x_wconf 86' lang='grc' dir='ltr'>οὐδ’</span> <span class='ocrx_word' id='word_1_239' title='bbox 1157 2100 1327 2149; x_wconf 87' lang='grc' dir='ltr'>ἀπίθησε</span> <span class='ocrx_word' id='word_1_240' title='bbox 1531 2111 1593 2134; x_wconf 86' lang='lat'>220</span> <span class='ocrx_word' id='word_1_241' title='bbox 1631 2111 1658 2143; x_wconf 70' lang='grc' dir='ltr'>’Ῑὲ</span> 
     </span>
     <span class='ocr_line' id='line_1_34' title="bbox 303 2186 1670 2231; baseline 0.002 -11"><span class='ocrx_word' id='word_1_242' title='bbox 303 2200 363 2229; x_wconf 90' lang='lat'>192</span> <span class='ocrx_word' id='word_1_243' title='bbox 391 2189 456 2219; x_wconf 83' lang='lat' dir='ltr'>ath.</span> <span class='ocrx_word' id='word_1_244' title='bbox 479 2190 536 2220; x_wconf 79' lang='lat' dir='ltr'>Ar.</span> <span class='ocrx_word' id='word_1_245' title='bbox 646 2192 794 2229; x_wconf 83' lang='lat'>195-196</span> <span class='ocrx_word' id='word_1_246' title='bbox 818 2191 885 2221; x_wconf 85' lang='lat' dir='ltr'><strong>ath.</strong></span> <span class='ocrx_word' id='word_1_247' title='bbox 907 2191 960 2221; x_wconf 89' lang='lat' dir='ltr'>hic</span> <span class='ocrx_word' id='word_1_248' title='bbox 979 2190 1037 2222; x_wconf 84' lang='lat' dir='ltr'>Ar.</span> <span class='ocrx_word' id='word_1_249' title='bbox 1060 2192 1110 2230; x_wconf 90' lang='lat'>(=</span> <span class='ocrx_word' id='word_1_250' title='bbox 1129 2190 1294 2229; x_wconf 41' lang='lat'>208-2095</span> <span class='ocrx_word' id='word_1_251' title='bbox 1397 2200 1456 2230; x_wconf 89' lang='lat'>197</span> <span class='ocrx_word' id='word_1_252' title='bbox 1481 2191 1596 2231; x_wconf 83' lang='grc' dir='ltr'>ξανθὴν</span> <span class='ocrx_word' id='word_1_253' title='bbox 1630 2186 1670 2218; x_wconf 37' lang='lat'>⁷1*</span> 
     </span>
     <span class='ocr_line' id='line_1_35' title="bbox 255 2231 1656 2276; baseline 0 -12"><span class='ocrx_word' id='word_1_254' title='bbox 255 2231 289 2264; x_wconf 86' lang='grc' dir='ltr'>δὲ</span> <span class='ocrx_word' id='word_1_255' title='bbox 308 2234 411 2272; x_wconf 86' lang='grc' dir='ltr'>κόμην</span> <span class='ocrx_word' id='word_1_256' title='bbox 428 2257 434 2264; x_wconf 92' lang='grc'><strong>.</strong></span> <span class='ocrx_word' id='word_1_257' title='bbox 458 2257 465 2264; x_wconf 92' lang='grc'><strong>.</strong></span> <span class='ocrx_word' id='word_1_258' title='bbox 491 2258 496 2263; x_wconf 96' lang='grc'><em>.</em></span> <span class='ocrx_word' id='word_1_259' title='bbox 516 2234 702 2271; x_wconf 77' lang='grc' dir='ltr'>Πηλεΐωνος</span> <span class='ocrx_word' id='word_1_260' title='bbox 718 2245 746 2265; x_wconf 87' lang='grc' dir='ltr'>ν.</span> <span class='ocrx_word' id='word_1_261' title='bbox 767 2234 786 2264; x_wconf 92' lang='lat' dir='ltr'>l.</span> <span class='ocrx_word' id='word_1_262' title='bbox 805 2239 873 2264; x_wconf 85' lang='lat' dir='ltr'>ant.</span> <span class='ocrx_word' id='word_1_263' title='bbox 955 2235 1016 2273; x_wconf 90' lang='lat'>198</span> <span class='ocrx_word' id='word_1_264' title='bbox 1041 2237 1136 2275; x_wconf 86' lang='grc' dir='ltr'>ὁρῆτο</span> <span class='ocrx_word' id='word_1_265' title='bbox 1154 2235 1232 2265; x_wconf 84' lang='lat' dir='ltr'><strong>Zen.</strong></span> <span class='ocrx_word' id='word_1_266' title='bbox 1255 2234 1282 2265; x_wconf 91' lang='grc' dir='ltr'>Β</span> <span class='ocrx_word' id='word_1_267' title='bbox 1295 2234 1320 2265; x_wconf 94' lang='lat' dir='ltr'>C</span> <span class='ocrx_word' id='word_1_268' title='bbox 1334 2233 1384 2265; x_wconf 90' lang='lat' dir='ltr'>Ge</span> <span class='ocrx_word' id='word_1_269' title='bbox 1458 2243 1522 2273; x_wconf 86' lang='lat'>203</span> <span class='ocrx_word' id='word_1_270' title='bbox 1542 2235 1594 2276; x_wconf 74' lang='grc' dir='ltr'>ἴδῃ</span> <span class='ocrx_word' id='word_1_271' title='bbox 1630 2235 1656 2271; x_wconf 59' lang='grc' dir='ltr'>μ’</span> 
     </span>
     <span class='ocr_line' id='line_1_36' title="bbox 254 2275 1598 2318; baseline 0.003 -13"><span class='ocrx_word' id='word_1_272' title='bbox 254 2276 311 2306; x_wconf 73' lang='grc' dir='ltr'>ΑΓ.</span> <span class='ocrx_word' id='word_1_273' title='bbox 325 2275 416 2315; x_wconf 84' lang='lat' dir='ltr'>vulg.</span> <span class='ocrx_word' id='word_1_274' title='bbox 438 2287 445 2306; x_wconf 89' lang='lat'><strong>:</strong></span> <span class='ocrx_word' id='word_1_275' title='bbox 471 2278 540 2318; x_wconf 69' lang='grc' dir='ltr'>ἴδῃς</span> <span class='ocrx_word' id='word_1_276' title='bbox 556 2277 637 2308; x_wconf 84' lang='lat' dir='ltr'>Zen.</span> <span class='ocrx_word' id='word_1_277' title='bbox 655 2277 828 2314; x_wconf 81' lang='lat' dir='ltr'><strong>abcgal.</strong></span> <span class='ocrx_word' id='word_1_278' title='bbox 915 2288 977 2316; x_wconf 85' lang='lat'>204</span> <span class='ocrx_word' id='word_1_279' title='bbox 1000 2277 1170 2310; x_wconf 84' lang='grc' dir='ltr'>τελέεσθαι</span> <span class='ocrx_word' id='word_1_280' title='bbox 1189 2278 1242 2309; x_wconf 73' lang='grc' dir='ltr'>ὀΐω</span> <span class='ocrx_word' id='word_1_281' title='bbox 1259 2277 1318 2309; x_wconf 78' lang='lat' dir='ltr'>Ar.</span> <span class='ocrx_word' id='word_1_282' title='bbox 1339 2276 1388 2307; x_wconf 78' lang='grc' dir='ltr'>Μ6</span> <span class='ocrx_word' id='word_1_283' title='bbox 1404 2275 1451 2308; x_wconf 78' lang='grc' dir='ltr'>Μ8</span> <span class='ocrx_word' id='word_1_284' title='bbox 1468 2275 1516 2308; x_wconf 79' lang='lat'>0²</span> <span class='ocrx_word' id='word_1_285' title='bbox 1550 2278 1598 2309; x_wconf 87' lang='lat' dir='ltr'>Pa</span> 
     </span>
     <span class='ocr_line' id='line_1_37' title="bbox 256 2319 1657 2360; baseline 0.001 -9"><span class='ocrx_word' id='word_1_286' title='bbox 256 2319 320 2352; x_wconf 83' lang='lat' dir='ltr'>P5:</span> <span class='ocrx_word' id='word_1_287' title='bbox 356 2319 548 2351; x_wconf 81' lang='grc' dir='ltr'>τετελέσθαι</span> <span class='ocrx_word' id='word_1_288' title='bbox 569 2320 622 2351; x_wconf 80' lang='grc' dir='ltr'>ὀΐω</span> <span class='ocrx_word' id='word_1_289' title='bbox 640 2320 747 2359; x_wconf 69' lang='lat' dir='ltr'>vulg:</span> <span class='ocrx_word' id='word_1_290' title='bbox 775 2320 1016 2360; x_wconf 81' lang='grc' dir='ltr'>τετελεσμένον</span> <span class='ocrx_word' id='word_1_291' title='bbox 1037 2322 1130 2353; x_wconf 83' lang='grc' dir='ltr'>ἔσται</span> <span class='ocrx_word' id='word_1_292' title='bbox 1147 2321 1227 2352; x_wconf 87' lang='lat' dir='ltr'><strong>Zen.</strong></span> <span class='ocrx_word' id='word_1_293' title='bbox 1396 2331 1458 2359; x_wconf 82' lang='lat'>207</span> <span class='ocrx_word' id='word_1_294' title='bbox 1478 2322 1517 2353; x_wconf 73' lang='grc' dir='ltr'>τὸ</span> <span class='ocrx_word' id='word_1_295' title='bbox 1534 2321 1594 2353; x_wconf 81' lang='grc' dir='ltr'>σὸν</span> <span class='ocrx_word' id='word_1_296' title='bbox 1630 2326 1657 2352; x_wconf 59' lang='grc' dir='ltr'>’.ἡ</span> 
     </span>
     <span class='ocr_line' id='line_1_38' title="bbox 260 2363 1655 2405; baseline 0.001 -13"><span class='ocrx_word' id='word_1_297' title='bbox 260 2363 365 2402; x_wconf 85' lang='lat' dir='ltr'>vulg.:</span> <span class='ocrx_word' id='word_1_298' title='bbox 398 2364 474 2394; x_wconf 78' lang='grc' dir='ltr'>τεὸν</span> <span class='ocrx_word' id='word_1_299' title='bbox 491 2373 509 2393; x_wconf 90' lang='lat' dir='ltr'>e</span> <span class='ocrx_word' id='word_1_300' title='bbox 528 2363 622 2394; x_wconf 83' lang='lat' dir='ltr'>Eust.</span> <span class='ocrx_word' id='word_1_301' title='bbox 754 2374 817 2394; x_wconf 79' lang='lat'>212</span> <span class='ocrx_word' id='word_1_302' title='bbox 844 2364 1083 2403; x_wconf 82' lang='grc' dir='ltr'>τετελεσμένον</span> <span class='ocrx_word' id='word_1_303' title='bbox 1103 2364 1210 2405; x_wconf 83' lang='grc' dir='ltr'>ἔσται]</span> <span class='ocrx_word' id='word_1_304' title='bbox 1230 2364 1423 2397; x_wconf 82' lang='grc' dir='ltr'>τετελέσθαι</span> <span class='ocrx_word' id='word_1_305' title='bbox 1439 2364 1493 2397; x_wconf 75' lang='grc' dir='ltr'>ὀΐω</span> <span class='ocrx_word' id='word_1_306' title='bbox 1509 2364 1588 2395; x_wconf 87' lang='lat' dir='ltr'>Zen.</span> <span class='ocrx_word' id='word_1_307' title='bbox 1634 2370 1655 2394; x_wconf 60' lang='grc' dir='ltr'>,π</span> 
     </span>
    </p>
   </div>
   <div class='ocr_carea' id='block_1_9' title="bbox 354 2406 1425 2448">
    <p class='ocr_par' dir='ltr' id='par_1_17' title="bbox 354 2406 1425 2448">
     <span class='ocr_line' id='line_1_39' title="bbox 354 2406 1425 2448; baseline 0.003 -12"><span class='ocrx_word' id='word_1_308' title='bbox 354 2415 504 2445; x_wconf 82' lang='lat'><strong>219-220</strong></span> <span class='ocrx_word' id='word_1_309' title='bbox 528 2408 568 2438; x_wconf 79' lang='grc' dir='ltr'>ὣς</span> <span class='ocrx_word' id='word_1_310' title='bbox 587 2407 682 2438; x_wconf 83' lang='grc' dir='ltr'>εἰπὼν</span> <span class='ocrx_word' id='word_1_311' title='bbox 699 2406 797 2439; x_wconf 78' lang='grc' dir='ltr'>πάλιν</span> <span class='ocrx_word' id='word_1_312' title='bbox 813 2407 876 2439; x_wconf 73' lang='grc' dir='ltr'>ὦσε</span> <span class='ocrx_word' id='word_1_313' title='bbox 893 2407 978 2448; x_wconf 79' lang='grc' dir='ltr'>μέγα</span> <span class='ocrx_word' id='word_1_314' title='bbox 995 2408 1082 2448; x_wconf 82' lang='grc' dir='ltr'>ξίφος</span> <span class='ocrx_word' id='word_1_315' title='bbox 1101 2408 1164 2440; x_wconf 82' lang='grc' dir='ltr'>οὐδ’</span> <span class='ocrx_word' id='word_1_316' title='bbox 1183 2408 1318 2446; x_wconf 80' lang='grc' dir='ltr'>ἀπίθησε</span> <span class='ocrx_word' id='word_1_317' title='bbox 1343 2407 1425 2439; x_wconf 87' lang='lat' dir='ltr'>Zen.</span> 
     </span>
    </p>
   </div>
   <div class='ocr_carea' id='block_1_10' title="bbox 1627 2436 1656 2464">
    <p class='ocr_par' dir='ltr' id='par_1_18' title="bbox 1627 2436 1656 2464">
     <span class='ocr_line' id='line_1_40' title="bbox 1627 2436 1656 2464; baseline 0 -7"><span class='ocrx_word' id='word_1_318' title='bbox 1627 2444 1630 2464; x_wconf 65' lang='lat' dir='ltr'><em>g</em></span> <span class='ocrx_word' id='word_1_319' title='bbox 1648 2436 1656 2457; x_wconf 78' lang='grc' dir='ltr'><strong><em>Ὶ</em></strong></span> 
     </span>
    </p>
   </div>
  </div>
 </body>
</html>
