1670 2828
657 125 1075 169 PRAEFATIO

204 244 434 292 coemptus
459 239 528 280 vel
560 238 820 292 compilatus
851 237 1172 279 Alexandriam
1204 237 1373 280 delatus
1405 244 1530 279 esset.

203 308 338 349 Tituli
361 315 476 349 certe
499 309 558 349 ita
579 322 604 349 a
626 308 859 362 longinqua
888 308 1062 360 regione
1092 307 1218 361 petiti
1248 314 1347 348 sunt
1368 314 1414 348 ut
1436 320 1529 347 rna-

203 390 289 430 gna
309 377 580 418 voluminum
613 377 750 429 pretia
783 376 970 417 indicare
1000 376 1238 418 videantur.
1298 376 1531 417 Accedunt

203 445 413 487 editiones
436 445 542 487 istae
565 458 748 498 quarum
770 445 945 485 nomina
967 444 1052 498 (vel
1082 446 1226 499 potius
1254 444 1528 499 cognomina)

203 514 495 556 obscuriorem
519 514 682 556 habent
704 512 996 567 originem—57
1021 513 1197 564 κυκλική,
1219 513 1242 564 ἡ
1268 514 1529 566 πολύστιχος,

203 583 226 634 ἡ
251 583 292 623 ἐκ
312 581 543 633 μουσείουῙ.
606 582 839 624 Accedunt
860 589 1081 636 postremo
1104 582 1215 623 aliae
1236 583 1276 622 αἱ
1305 582 1437 623 κοιναί
1459 580 1530 621 vel

204 651 244 692 αἱ
267 651 456 702 ὃημώδεις
477 651 544 692 vel
568 651 608 691 αἱ
639 651 873 703 εἰκαιότεραι
904 651 1175 705 appellatae3
1205 663 1389 704 quarum
1412 648 1531 690 nulla

203 718 291 760 sere
331 720 501 761 videtur
541 726 616 760 aut
657 732 815 760 nomen
854 733 979 760 suum
1024 720 1226 761 habuisse
1261 725 1337 760 aut
1373 717 1532 759 fructui

203 787 328 829 fuisse
350 790 407 830 ad
427 794 599 829 textum
623 788 985 829 constituendum.

264 857 333 898 En
354 857 487 899 habes
510 857 843 898 instrumentum
866 857 1060 898 criticum
1081 857 1150 897 vel
1172 856 1302 897 hodie
1325 868 1411 897 non
1433 868 1532 896 con-

203 927 498 975 temnendum,
532 926 649 979 quod
690 939 713 965 e
754 925 1002 978 quindecim
1043 925 1099 966 ad
1144 925 1371 965 minimum
1414 923 1534 965 libris

205 1001 388 1042 constat,
426 995 562 1047 iisque
599 1007 682 1035 non
719 993 825 1035 forte
856 1000 1018 1035 temere
1051 994 1326 1041 coacervatis,
1363 993 1440 1034 sed
1475 1006 1533 1033 ex

206 1065 404 1105 universa
427 1063 610 1105 Graecia
634 1063 821 1104 virorum
855 1063 1201 1105 doctissimorum
1234 1075 1316 1116 ope
1348 1075 1398 1103 ac
1429 1075 1532 1102 con-

205 1134 301 1174 silio
342 1134 614 1187 comparatis.
697 1132 866 1173 Horum
908 1131 1037 1185 igitur
1078 1131 1282 1173 librorum
1325 1142 1535 1171 consensu

208 1202 312 1255 quid
335 1203 484 1252 satius,
505 1201 609 1256 quid
636 1200 892 1254 locupletius
913 1203 1249 1254 exspectamus?
1311 1199 1371 1240 Et
1392 1199 1535 1240 hercle

207 1271 310 1313 satis
352 1271 596 1324 frequenter
638 1271 954 1311 consentientes
995 1270 1218 1320 habemus
1267 1268 1340 1310 ubi
1376 1268 1536 1309 scilicet

207 1340 488 1382 Aristarchus
525 1339 752 1381 lectionem
791 1339 996 1393 probasse
1036 1339 1193 1381 dicitur
1234 1351 1366 1391 quam
1407 1340 1537 1378 πᾶσαι

209 1410 282 1463 (sc.
303 1407 497 1463 ἐκδόσεις)
517 1410 789 1462 praeberent.
839 1409 936 1450 Hoc
959 1409 1074 1449 enim
1095 1408 1214 1449 velut
1230 1407 1339 1461 siglo
1357 1406 1536 1448 indicari

208 1479 318 1520 solet
339 1479 472 1532 ipsius
488 1478 733 1520 Aristarchi
751 1478 959 1519 librorum
982 1491 1227 1528 consensuS,
1250 1475 1455 1531 neglectis
1473 1473 1537 1530 (ut

210 1562 289 1602 par
320 1549 430 1602 erat)
456 1545 805 1589 ‘communibus'
830 1547 910 1588 illis
940 1547 1008 1588 vel
1031 1545 1326 1601 ‘vulgaribus’
1348 1545 1415 1586 vel
1435 1547 1444 1565 ‘
1461 1545 1536 1586 de-

208 1615 466 1658 terioribus?
538 1616 697 1658 Artem
732 1617 863 1670 igitur
899 1616 1091 1657 criticam
1127 1614 1369 1656 Aristarchi
1406 1615 1448 1655 in
1487 1627 1538 1654 eo

209 1693 425 1727 versatam
449 1700 541 1727 esse
568 1693 751 1740 apparet
784 1694 830 1727 ut
862 1686 1032 1727 codices
1064 1687 1104 1726 in
1137 1685 1293 1726 classes
1325 1683 1536 1737 quasdam

210 1755 500 1807 distribueret,
533 1755 749 1808 optimum
792 1768 1011 1808 quemque
1044 1769 1070 1795 a
1110 1754 1371 1795 deteriorum
1411 1752 1538 1806 plebe

212 1831 462 1874 secerneret,
485 1838 581 1865 eam
606 1825 782 1865 demum
808 1823 1036 1865 lectionem
1062 1823 1240 1876 eligeret
1267 1834 1398 1875 quam
1422 1821 1538 1876 apud

211 1908 362 1934 omnes
385 1894 555 1934 codices
577 1907 675 1934 suos
697 1899 772 1934 aut
803 1894 855 1943 (si
888 1893 1195 1946 discreparent)
1227 1891 1343 1944 apud
1377 1891 1538 1932 bonam

211 1969 383 2015 partem
407 1963 652 2003 invenisset.
696 1962 761 2002 At
784 1962 818 2003 si
842 1962 900 2003 ita
922 1977 985 2003 res
1007 1976 1052 2002 se
1074 1961 1248 2009 habent,
1262 1960 1338 2001 vix
1355 1959 1538 2001 dubium

212 2045 304 2072 esse
326 2038 470 2085 potest
489 2032 593 2084 quin
607 2031 889 2072 Aristarchea
912 2031 1135 2084 ἀνάγνωσις
1157 2030 1400 2071 maximum
1424 2029 1540 2082 apud

214 2114 292 2142 nos
312 2101 480 2154 pondus
503 2100 662 2142 habere
686 2100 859 2151 debeat,
880 2099 1016 2141 immo
1038 2099 1259 2141 codicibus
1287 2098 1441 2140 nostris
1470 2098 1538 2139 ve]

215 2169 381 2211 cunctis
416 2169 649 2223 anteponi:
697 2169 860 2222 quippe
894 2182 1005 2222 quae
1042 2182 1125 2208 non
1162 2167 1364 2222 opinione
1399 2166 1539 2208 solum

260 2300 269 2318 ¹
294 2299 493 2331 Adiectivus
518 2298 668 2332 κυκλικός
689 2299 779 2338 apud
804 2297 1058 2329 Alexandrinos
1075 2295 1215 2333 ‘tritus‚'
1233 2295 1418 2334 ‘vulgaris’
1436 2294 1542 2334 signi·

216 2344 360 2375 ficabat:
385 2344 426 2375 ad
452 2344 589 2384 Epicum
614 2343 706 2373 illum
728 2342 870 2382 Cyclum
897 2342 997 2382 plane
1020 2351 1087 2371 non
1112 2341 1269 2380 pertinet.
1315 2338 1446 2370 Talium
1462 2349 1542 2370 vero

214 2388 454 2428 cognominum
471 2387 619 2426 origines
636 2387 693 2417 vix
710 2397 833 2426 operae
850 2385 995 2425 pretium
1013 2390 1062 2416 est
1079 2384 1269 2423 exquirere.

865 2453 886 2474 X
