1624 2802
533 140 568 173 8.
641 136 899 175 ῙΛΙΑΔΟΣ
948 138 986 177 Θ

97 239 128 279 εἰ
152 237 273 276 τούτω
302 253 342 276 κε
370 236 578 288 λάβοιμεν,
609 240 824 290 ἐελποίμην
851 257 915 280 κεν
941 240 1129 294 Ἀχαιοὺς

95 303 276 355 αὐτονυχὶ
301 306 404 352 νηῶν
432 304 681 354 ἐπιβησέμεν
707 305 918 346 ὠκειάων.”

154 368 231 411 ΔΩς
256 368 369 421 ἔφατ’
397 369 622 422 εὐχόμενος,
652 371 851 422 νεμέσησε
877 374 918 412 δὲ
945 373 1083 413 πότνια
1102 372 1223 425 “Ήρη,

97 437 258 476 σείσατο
283 435 316 474 δ’
342 436 414 476 εἰνὶ
441 436 580 490 θρόνῳ,
610 435 766 487 ἐλέλιξε
791 440 831 477 δὲ
856 438 1006 490 μακρὸν
1024 438 1247 491 ’Όλυμπον,

96 502 160 542 καί
179 502 227 554 ῥα
253 501 516 542 Ποσειδάωνα
541 502 668 555 μέγαν
695 503 785 544 θεὸν
811 504 947 544 ἀντίον
972 505 1081 554 ηὔδα·

97 571 120 586 “
137 567 165 608 ὢ
190 569 321 614 πόποι,
349 568 566 621 ἐννοσίγαι’
593 569 836 620 εὐρυσθενές,
865 570 955 610 οὐδέ
980 588 1024 611 νυ
1049 573 1118 612 σοί
1140 589 1212 624 περ

95 633 319 685 ὀλλυμένων
347 639 516 675 Δαναῶν
544 636 784 688 ὀλοφύρεται
810 638 852 677 ἐν
879 637 1000 689 φρεσὶ
1026 639 1155 688 θυμός.

95 703 129 741 οἱ
154 699 196 740 δέ
220 717 279 740 τοι
299 702 353 742 εἰς
377 701 543 752 Ἑλίκην
570 719 613 743 τε
640 703 701 742 καὶ
729 704 852 754 Αἰγὰς
878 703 967 755 δῶρ’
994 703 1184 755 ἀνάγουσι

95 766 225 808 πολλά
252 784 294 807 τε
321 767 382 807 καὶ
408 769 610 821 χαρίεντα·
650 768 700 808 σὺ
725 769 767 808 δέ
793 773 915 820 σφισι
941 769 1090 819 βούλεο
1115 772 1238 820 νίκην.

96 835 130 874 εἴ
151 850 222 885 περ
247 832 321 885 γάρ
347 833 378 873 κ’
404 833 623 885 ἐθέλοιμεν,
653 835 743 874 ὅσοι
770 839 992 875 Δαναοῖσιν
1019 836 1176 887 ἀρωγοί,

94 902 228 951 Τρῶας
253 900 492 940 ἀπώσασθαι
520 902 582 941 καὶ
611 901 794 953 ἐρυκέμεν
820 901 991 953 εὐρύοπα
1017 905 1111 952 Ζῆν,

96 966 210 1006 αὐτοῦ
235 965 267 1005 κ’
293 966 372 1006 ἔνθ’
398 966 586 1020 ἀκάχοιτο
615 966 831 1019 καθήμενος
857 968 938 1008 οἶος
965 969 1006 1007 ἐν
1026 967 1150 1023 ”1δῃ.”

158 1032 241 1082 Τὴν
266 1034 306 1072 δὲ
330 1032 417 1084 μέγ’
444 1032 622 1086 ὀχθήσας
648 1033 833 1085 προσέφη
861 1035 998 1085 κρείων
1026 1035 1259 1087 ἐνοσίχθων·

98 1101 121 1116 (ζ
131 1097 146 1112 ΡΙ

152 1101 236 1149 Ηρη
264 1099 468 1144 ἀπτοεπές,
497 1103 610 1140 ποῖον
637 1100 705 1140 τὸν
730 1102 852 1150 μῦθον
879 1100 1019 1141 ἔειπες.

96 1164 160 1204 οὐκ
186 1163 233 1204 ἂν
258 1165 373 1217 ἔγωγ’
399 1165 575 1216 ἐθέλοιμι
604 1167 670 1206 Διὶ
700 1167 891 1218 Κρονίωνι
916 1166 1117 1219 μάχεσθαι

95 1230 213 1281 ἡμέας
238 1231 326 1271 τοὺς
352 1231 510 1277 ἄλλους,
539 1232 623 1272 ἐπεὶ
648 1231 671 1282 ἦ
698 1233 799 1272 πολὺ
825 1232 1015 1284 φέρτερός
1041 1232 1189 1272 ἐστιν.”

155 1295 233 1339 ““.(.ὶς
258 1299 293 1337 οἱ
317 1299 388 1347 μὲν
412 1302 571 1338 τοιαῦτα
597 1298 692 1350 πρὸς
720 1297 920 1348 ἀλλήλους
947 1299 1146 1350 ἀγόρευον·

97 1367 172 1404 τῶν
197 1363 242 1409 δ’,
270 1364 367 1403 ὅσον
393 1366 434 1403 ἐκ
461 1368 563 1415 νηῶν
589 1365 667 1404 ἀπὸ
695 1366 841 1416 πύργου
868 1364 1019 1417 τάφρος
1047 1365 1169 1416 ἔεργε,

99 1431 246 1480 πλῆθεν
271 1431 372 1481 ὁμῶς
398 1431 529 1470 ἵππων
555 1448 596 1471 τε
624 1431 686 1470 καὶ
713 1432 864 1481 ἀνδρῶν
890 1430 1126 1471 ἀσπιστάων

99 1495 320 1546 εἰλομένων·
359 1497 456 1536 εἵλει
482 1499 523 1537 δὲ
550 1499 626 1550 θοῷ
653 1496 872 1538 ἀτάλαντος
893 1496 1010 1548 ’Ἄρηϊ

91 1561 244 1613 ‘'Em-(op
270 1564 501 1614 Πριαμίδης,
529 1564 593 1602 ὅτε
619 1565 654 1602 οἱ
681 1564 778 1604 Ζεὺς
806 1566 915 1604 κῦδος
944 1563 1073 1603 ἔδωκε.

101 1629 164 1667 καί
183 1628 228 1668 νύ
253 1627 284 1667 κ’
311 1626 526 1680 ἐνέπρησεν
552 1631 642 1680 πυρὶ
670 1629 794 1684 κηλέῳ
821 1632 915 1679 νῆας
943 1629 1065 1675 ἐΐσας,

494 1698 510 1705 Α
539 1695 548 1709 '
577 1695 585 1708 ἱ

101 1695 132 1734 εἰ
155 1693 206 1745 μὴ
230 1694 292 1735 ἐπὶ
319 1696 439 1747 φρεσὶ
466 1698 535 1745 θηκ
589 1695 840 1747 Αγαμέμνονι
867 1697 1007 1736 πότνια
1027 1695 1134 1747 ρ[Ηρη

101 1759 199 1814 αὐτῷ
225 1761 487 1801 ποιπνύσαντι
514 1764 612 1803 θοῶς
638 1763 794 1814 ὀτρῦναι
820 1762 1017 1814 Ἀχαιούς.

102 1828 154 1876 βῆ
180 1826 211 1866 δ’
237 1826 334 1867 ἰέναι
358 1827 461 1878 παρά
485 1845 527 1868 τε
553 1829 710 1870 κλισίας
736 1829 797 1868 καὶ
826 1831 920 1878 νῆας
945 1827 1118 1880 Ἀχαιῶν

103 1893 323 1945 πορφύρεον
346 1893 448 1945 μέγα
474 1896 598 1946 φᾶρος
625 1895 727 1947 ἔχων
752 1896 794 1934 ἐν
822 1895 924 1947 χειρὶ
949 1895 1107 1949 παχείῃ,

103 1961 176 2009 στῆ
202 1959 234 1998 δ’
262 1959 320 2000 ἐπ’
347 1959 571 2010 Ὀδυσσῆος
598 1959 809 2013 μεγακήτεϊ
835 1960 898 2010 νηὶ·
920 1961 1100 2015 μελαίνῃ,

111 2024 127 2038 ‘l
161 2024 189 2039 (7
220 2027 230 2040 ¹)

103 2041 125 2073 η
149 2042 171 2076 ρ
214 2042 255 2066 εν
279 2024 466 2079 μεσσάτῳ
493 2026 587 2067 ἔσκε
612 2026 834 2079 γεγωνέμεν
860 2025 1130 2078 ἀμφοτέρωσε,

100 2090 194 2140 ἠμὲν
219 2091 280 2132 ἐπ’
304 2093 468 2133 Αἴαντος
496 2093 651 2132 κλισίας
675 2090 982 2140 Τελαμωνιάδαο

1356 521 1416 542 200

1360 1837 1422 1859 220

145 2195 207 2223 203
231 2197 280 2217 σοι
303 2184 348 2233 ᾨἹ
451 2196 513 2224 204
533 2196 552 2215 a
570 2184 637 2225 ]και
654 2185 694 2226 μ[
714 2184 759 2233 ᾩΤ
868 2186 932 2214 206
957 2183 1038 2223 Ζῆῖιί
1057 2184 1115 2213 Ar.
1139 2183 1210 2213 Nic.
1232 2183 1386 2214 assAB
1402 2183 1428 2213 C

105 2225 171 2257 DT
187 2227 229 2258 al.
322 2231 386 2259 206
402 2239 421 2259 a
440 2227 508 2269 ]μ.ι[
528 2226 574 2276 ᾩἹ
710 2237 772 2265 207
799 2227 873 2259 ἔνθα
893 2227 1013 2258 'nieuw’
1034 2227 1237 2265 ἀκαχήμενος
1255 2225 1337 2256 Zen.

105 2279 165 2309 213
188 2271 264 2311 ἀπὸ]
284 2273 334 2303 καὶ
352 2271 432 2301 Zen.
548 2272 608 2302 ἀπὸ
624 2271 748 2312 τάφρου
766 2270 883 2311 πύργος
901 2280 929 2299 v.
948 2270 968 2299 Ι.
989 2274 1056 2299 ant.
1179 2268 1268 2309 ἔεργε
1287 2274 1320 2298 et
1339 2269 1427 2310 ἔρυκε

104 2311 161 2344 ΑΓ.
183 2313 303 2354 (διχῶς,
326 2326 332 2344 :
358 2315 446 2354 ἔρυκε
468 2314 509 2343 N⁴
529 2323 574 2344 SS.
717 2314 782 2343 216
806 2324 825 2343 a
845 2313 935 2353 [ἔνθα
952 2325 987 2343 κε
1007 2312 1117 2350 λοιγὸς
1137 2311 1192 2348 ἔην
1208 2312 1257 2342 καὶ
1277 2312 1426 2351 ἀμήχανα

105 2355 180 2396 ἔργα
194 2355 346 2396 Ὺέ]νο]το
363 2355 409 2405 ᾩἹ
499 2366 558 2394 217
585 2356 686 2397 ἐΐσας]
710 2370 765 2388 -ων
787 2358 847 2395 (SC.
870 2356 1019 2394 Ἀχαιῶν)
1040 2352 1085 2401 p?
1175 2363 1238 2392 219
1261 2353 1426 2394 Ἀχαιούς]

106 2398 260 2437 ἑτῖαιρους
275 2398 319 2447 p⁷
409 2410 472 2430 220
497 2399 601 2441 εισ[ας
619 2398 663 2446 ᾩ7
769 2399 919 2436 224-226
944 2407 1006 2427 om.
1028 2396 1114 2434 vulg.
1134 2408 1140 2425 z
1165 2396 1238 2426 hab.
1260 2396 1422 2434 begial.

190 2462 275 2484 Hom.
297 2463 339 2484 ιι..
1251 2452 1287 2480 11
