1660 2802
629 134 688 168 11.
763 127 1018 163 ΙᾹΙΑΔΟΣ
1068 128 1100 163 A

194 235 235 274 ἕκ
261 233 293 273 τ’
321 232 604 284 ἀνδροκτασίης
630 231 671 271 ἔκ
698 230 731 270 θ’
761 231 923 281 αἵματος
949 231 990 270 ἔκ
1016 247 1058 270 τε
1083 232 1277 280 κυδοιμοῦ·

193 298 394 351 Ἀτρείδης
419 297 452 337 δ’
479 298 594 338 ἕπετο
622 296 827 348 σφεδανὸν
857 300 1055 336 Δαναοῖσι
1082 296 1263 337 κελεύων.
1460 300 1519 340 165

194 367 228 405 οἱ
255 367 295 405 δὲ
322 363 409 416 παρ’
430 363 539 403 Ἴλου
566 366 674 413 σῆμα
700 365 874 402 παλαιοῦ
901 363 1150 413 Δαρδανίδαο

192 431 347 482 μέσσον
373 432 450 470 κὰπ
474 431 608 470 πεδίον
634 428 724 480 παρ’
750 428 899 480 ἐρινεὸν
925 428 1142 468 ἐσσεύοντο

193 496 336 548 ἱέμενοι
361 497 511 537 πόλιος·
552 497 571 534 ὁ
598 497 638 535 δὲ
665 495 868 546 κεκληγὼς
894 493 998 535 ἕπετ’
1025 494 1100 535 αἰεὶ

193 563 407 615 Ἀτρεΐδης,
434 563 563 617 λύθρῳ
591 564 630 602 δὲ
658 559 896 602 παλάσσετο
922 565 1058 614 χεῖρας
1084 559 1266 602 ἀάπτους.

192 629 283 670 ἀλλ’
310 630 374 670 ὅτε
400 629 444 679 δὴ
471 627 612 670 Σκαιάς
638 645 679 668 τε
707 629 833 670 πύλας
862 628 923 668 καὶ
949 627 1080 680 φηγὸν
1109 628 1253 684 ἵκοντο,
1460 637 1521 672 170

193 696 271 736 ἔνθ’
297 696 371 747 ἄρα
395 695 440 745 δὴ
467 696 629 735 ἵσταντο
655 695 719 734 καὶ
745 693 947 744 ἀλλήλους
973 694 1197 745 ἀνέμιμνον.

191 764 227 802 οἱ
252 762 284 802 δ’
311 763 367 803 ἕτι
394 764 470 813 κὰμ
493 761 647 812 μέσσον
673 761 808 802 πεδίον
835 760 1036 813 φοβέοντο
1062 761 1158 812 βόες
1182 761 1246 806 ὥς,

191 828 236 871 ἃς
261 846 302 869 τε
328 828 431 869 λέων
457 829 642 879 ἐφόβησε
666 829 801 878 μολὼν
827 828 868 867 ἐν
895 827 1030 869 νυκτὸς
1058 828 1218 881 ἀμολγῷ

478 894 650 909 r³sn5

191 895 335 937 πάσας·
373 901 419 951 τῇ
445 898 484 935 δε
509 911 530 934 τ
571 912 608 951 ιῃ
633 894 894 945 αναφαίνεται
920 893 1034 936 αἰπὺς
1062 895 1238 945 ὄλεθρος·

190 964 257 1012 τῆς
283 961 315 1001 δ’
341 963 357 1001 ἐ
409 961 540 1014 αὐχέν’
567 958 656 1010 ἔαξε
682 961 824 1011 λαβὼν
851 964 1101 1012 κρατεροῖσιν
1127 961 1263 1000 ὀδοῦσι
1459 972 1518 1002 ¹75

191 1032 356 1080 πρῶτον,
384 1028 517 1068 ἔπειτα
541 1027 583 1068 δέ
608 1027 641 1066 θ’
670 1028 765 1077 αἷμα
792 1028 854 1067 καὶ
880 1027 1026 1079 ἔγκατα
1053 1026 1180 1067 πάντα
1207 1025 1427 1078 λαφύσσει·

191 1096 241 1136 ὣς
265 1095 354 1137 τοὺς
379 1094 578 1145 Ἀτρεΐδης
603 1094 728 1145 ἔφεπε
755 1094 891 1145 κρείων
916 1093 1188 1146 Ἀγαμέμνων,

191 1163 273 1202 αἰὲν
299 1162 540 1202 ἀποκτείνων
565 1160 632 1200 τὸν
657 1161 885 1201 ὀπίστατον·
924 1162 960 1200 οἱ
985 1160 1017 1200 δ’
1046 1160 1258 1212 ἐφέβοντο.

190 1228 334 1269 πολλοὶ
359 1229 399 1268 δὲ
425 1231 584 1279 πρηνεῖς
608 1243 650 1267 τε
678 1227 738 1266 καὶ
764 1227 893 1267 ὕπτιοι
919 1227 1088 1266 ἔκπεσον
1115 1228 1244 1267 ἵππων

190 1294 396 1346 Ἀτρεΐδεω
422 1293 496 1334 ὑπὸ
521 1293 650 1346 χερσί·
689 1292 854 1344 περιπρὸ
881 1294 956 1344 γὰρ
982 1293 1093 1345 ἔγχεϊ
1119 1295 1221 1333 θῦεν.
1461 1297 1520 1328 180

190 1360 280 1401 ἀλλ’
305 1361 369 1400 ὅτε
395 1360 439 1409 δὴ
465 1359 552 1412 τάχ’
578 1359 745 1409 ἔμελλεν
771 1359 845 1399 ὑπὸ
870 1359 1012 1399 πτόλιν
1037 1360 1130 1399 αἰπύ
1155 1376 1196 1399 τε
1221 1362 1354 1411 τεῖχος

189 1426 357 1477 ἵξεσθαι,
384 1427 473 1466 τότε
499 1425 544 1476 δή
568 1427 617 1477 ῥα
642 1425 768 1477 πατὴρ
795 1426 946 1477 ἀνδρῶν
970 1442 1012 1465 τε
1038 1428 1136 1465 θεῶν
1162 1442 1202 1465 τε

182 1492 290 1544 Ἴδης
315 1494 356 1533 ἐν
383 1493 576 1548 κορυφῇσι
604 1491 783 1541 καθέζετο
814 1491 1047 1542 πιδηέσσης,

188 1559 399 1611 οὐρανόθεν
426 1558 612 1610 καταβάς’
653 1558 719 1611 ἔχε
744 1558 776 1598 δ’
804 1557 1029 1610 ἀστεροπὴν
1053 1559 1151 1608 μετὰ
1179 1558 1332 1610 χερσίν.

182 1625 280 1678 Ἶριν
307 1625 338 1666 δ’
365 1626 509 1677 ὤτρυνε
533 1626 805 1678 χρυσόπτερον
832 1623 1120 1676 ἀγγελέουσαν·
1459 1628 1517 1667 185

189 1691 354 1743 “fido-18
379 1694 445 1737 ἴθι,
466 1691 543 1743 Ἶρι
568 1695 718 1744 ταχεῖα,
746 1691 813 1731 τὸν
833 1690 996 1743 “Em-opt
1021 1693 1143 1742 μῦθον
1170 1691 1341 1732 ἐνίσπες·

186 1758 277 1810 ὄφρ’
302 1759 349 1799 ἂν
373 1758 445 1810 μέν
473 1775 536 1798 κεν
562 1759 631 1813 ὁρᾷ
655 1757 944 1809 Ἀγαμέμνονα,
974 1757 1140 1808 ποιμένα
1164 1761 1286 1803 λαῶν,

187 1825 338 1865 θύνοντ’
365 1826 405 1865 ἐν
431 1824 710 1878 προμάχοισιν,
740 1825 947 1876 ἐναίροντα
974 1825 1117 1877 στίχας
1138 1825 1300 1876 ἀνδρῶν,

186 1891 300 1944 τόφρ’
326 1892 589 1944 ἀναχωρείτω,
618 1891 686 1931 τὸν
712 1890 744 1930 δ’
769 1890 895 1931 ἄλλον
923 1890 1022 1931 λαὸν
1049 1890 1215 1942 ἀνώχθω

185 1958 409 2011 μάρνασθαι
435 1957 580 2007 δηΐοισι
607 1959 703 1997 κατὰ
730 1956 919 2009 κρατερὴν
946 1958 1127 2007 ὑσμίνην.
1458 1969 1518 2000 190

187 2026 307 2076 αὐτὰρ
332 2025 419 2065 ἐπεί
443 2023 474 2063 κ’
502 2021 521 2074 ἢ
548 2025 653 2075 δουρὶ
679 2025 812 2065 τυπεὶς
836 2020 859 2073 ἢ
888 2022 1091 2074 βλήμενος
1117 2024 1161 2077 ἰῷ

186 2093 240 2132 εἷς
265 2092 405 2133 ἵππους
431 2090 580 2136 ἅλεται,
608 2091 696 2130 τότε
722 2092 758 2130 οἶ
788 2089 925 2141 κράτος
953 2088 1174 2141 ἐγγυαλίξω

187 2159 364 2203 κτείνειν,
393 2158 446 2198 εἰς
471 2157 493 2195 ὅ
519 2174 559 2197 κε
586 2160 681 2207 νῆας
708 2156 955 2207 ἐϋσσέλμους
981 2156 1167 2207 ἀφίκηται

302 2223 376 2237 9³!

185 2224 254 2280 δύῃ
280 2241 301 2264 τ
332 2230 464 2274 ηελιος
495 2224 556 2263 καὶ
583 2225 645 2263 ἐπὶ
672 2223 819 2276 κνέφας
847 2222 950 2275 ἱερὸν
976 2221 1113 2278 ἕλθῃ.”

231 2313 381 2351 179-180
405 2312 586 2357 om.rZen.,
605 2314 673 2344 ath.
697 2313 756 2345 ΑΓ.
850 2316 910 2347 180
933 2316 1000 2347 ath.
1018 2315 1191 2356 Aristoph.
1290 2317 1344 2347 181
1372 2317 1511 2357 ἔμελλεν

181 2365 200 2385 e
214 2365 268 2391 go
281 2356 309 2385 Α
324 2356 350 2385 Β
367 2355 419 2386 Mc
431 2355 578 2387 V¹⁰V2·-':
606 2358 745 2396 ἔμελλον
763 2358 852 2397 vulg.
1028 2360 1085 2398 184
1111 2361 1292 2401 ἀστεροπὴν
1309 2360 1365 2391 ΑΓ.
1387 2360 1508 2398 fgpA

181 2408 224 2429 ss.
243 2399 290 2428 T:
317 2400 478 2441 στεροπὴν
497 2400 586 2438 vulg.
727 2402 786 2431 186
813 2403 940 2435 ἐνίσπες
958 2402 989 2433 Λ
1006 2403 1094 2442 Ang.
1115 2402 1154 2433 V¹
1168 2403 1224 2434 ΥΠ·
1240 2416 1246 2434 ;
1272 2403 1379 2435 ἔνισπε
1397 2403 1484 2442 vulg.
1502 2415 1508 2433 :

183 2442 266 2473 ἔειπε
286 2453 304 2474 e
