1624 2802
556 114 616 151 10.
688 111 942 150 ΙΛΙΑΔΟΣ
992 113 1025 150 Κ

134 213 160 229 ‘S
202 211 219 224 ς’

175 211 288 253 ουτός
312 228 381 258 τις,
412 212 618 262 Διόμηδες,
646 213 723 254 ἀπὸ
748 218 918 266 στρατοῦ
942 215 1098 268 ἔρχεται
1123 215 1232 269 ἁνήρ,

132 277 200 318 οὐκ
224 277 296 318 οἶδ’
321 275 344 328 ἢ
371 276 537 328 νήεσσιν
563 280 777 322 ἐπίσκοπος
801 280 1050 337 ἡμετέρῃσιν,

132 342 154 394 ἧ
178 360 264 385 τινα
289 343 480 396 συλήσων
505 346 651 386 νεκύων
677 348 1015 397 κατατεθνηώτων.

130 410 221 450 ἀλλ’
248 411 371 462 ἐῶμέν
395 429 461 463 μιν
486 416 619 464 πρῶτα
643 412 901 465 παρεξελθεῖν
925 415 1073 454 πεδίοιο

129 477 280 518 τυτθόν·
320 478 455 519 ἔπειτα
479 478 522 519 δέ
548 479 580 518 κ’
606 479 722 531 αὐτὸν
747 479 975 530 ἐπαΐξαντες
1000 481 1156 532 ἕλοιμεν
1390 497 1422 527 34
1430 496 1447 527 5

131 545 398 596 καρπαλίμως·
437 546 469 586 εἰ
493 545 525 585 δ’
551 545 651 596 ἄμμε
676 548 953 598 παραφθαίησι
978 548 1184 594 πόδεσσιν,

129 611 209 650 αἰεί
227 627 295 661 μιν
321 611 385 652 ἐπὶ
410 614 504 661 νῆας
529 611 606 652 ἀπὸ
632 612 829 664 στρατόφι
853 617 1101 665 προτιειλεῖν,

128 676 238 729 ἔγχει
264 676 481 724 ἐπαΐσσων,
508 677 560 728 μή
586 695 666 720 πως
691 680 805 729 προτὶ
828 678 928 719 ἄστυ
953 679 1116 736 ἀλύξῃ.”

188 741 268 785 Ἳὶς
293 743 366 796 ἄρα
391 743 629 797 φωνήσαντε
654 745 781 796 παρὲξ
802 746 892 785 ὁδοῦ
919 747 960 786 ἐν
985 747 1171 786 νεκύεσσι

126 809 351 860 κλινθήτην·
390 811 409 849 ὁ
433 811 466 851 δ’
491 811 550 863 ἄρ’
574 810 654 852 ὦκα
678 810 924 864 παρέδραμεν
947 813 1200 868 ἀφραδίῃσιν.
1382 827 1444 857 350

128 875 218 915 ἀλλ’
244 877 309 917 ὅτε
335 875 380 927 δή
405 877 445 929 ῥ’
471 877 596 928 ἀπέην
621 879 749 919 ὅσσον
772 878 805 918 τ’
832 879 895 919 ἐπὶ
921 879 1014 930 οὖρα
1038 878 1226 920 πέλονται

126 941 397 992 ἡμιόνων-αἱ
422 943 496 996 γάρ
521 961 563 985 τε
588 948 696 995 βοῶν
722 944 1040 997 προφερέστεραί
1062 947 1165 987 εἰσιν

127 1007 333 1060 ἑλκέμεναι
358 1014 475 1050 νειοῖο
500 1011 664 1062 βαθείης
688 1011 836 1062 πηκτὸν
862 1011 1084 1064 ἄροτρον-

126 1075 179 1115 τὼ
202 1078 274 1126 μὲν
298 1075 575 1129 ἐπεδραμέτην,
603 1079 623 1117 ὁ
648 1078 680 1117 δ’
705 1077 764 1129 ἄρ’
791 1078 885 1128 ἕστη
912 1082 1056 1119 δοῦπον
1081 1078 1264 1120 ἀκούσας.

127 1142 270 1182 ἔλπετο
295 1145 369 1195 γὰρ
396 1145 491 1183 κατὰ
517 1144 638 1195 θυμὸν
663 1143 992 1197 ἀποστρέψοντας
1017 1146 1190 1197 ἑταίρους
1383 1158 1443 1189 355

126 1209 167 1247 ἐκ
192 1209 339 1261 Τρώων
365 1209 476 1255 ἰέναι,
504 1210 625 1251 πάλιν
643 1209 836 1263 ’Έκτορος
860 1212 1106 1263 ὀτρύναντος.

126 1275 217 1315 ἀλλ’
244 1277 308 1316 ὅτε
333 1275 378 1326 δή
403 1276 442 1328 ῥ’
468 1276 622 1318 ἄπεσαν
647 1280 874 1330 δουρηνεκὲς
898 1275 921 1327 ἢ
948 1279 1009 1318 καὶ
1034 1279 1225 1324 ἔλασσον,

126 1345 203 1393 γνῶ
227 1342 266 1394 ῥ’
292 1342 434 1395 ἄνδρας
459 1343 600 1393 δηΐους,
627 1346 808 1396 λαιψηρὰ
833 1346 874 1385 δὲ
898 1344 1053 1396 γούνατ’
1080 1345 1209 1395 ἐνώμα

126 1407 374 1460 φευγέμεναι·
412 1410 472 1449 τοὶ
496 1409 528 1449 δ’
554 1409 657 1462 αἶψα
680 1411 832 1451 διώκειν
858 1409 1100 1462 ὁρμήθησαν.

125 1473 175 1515 ὡς
199 1474 232 1514 δ’
257 1475 321 1516 ὅτε
346 1477 632 1528 καρχαρόδοντε
657 1477 732 1516 δύω
759 1477 860 1522 κύνε,
888 1477 1010 1517 εἰδότε
1037 1476 1166 1529 θήρης,
1381 1481 1444 1521 360

123 1536 146 1589 ἢ
173 1541 303 1591 κεμάδ’
327 1541 372 1591 ἠὲ
396 1542 554 1594 λαγωὸν
580 1543 779 1594 ἐπείγετον
807 1545 967 1594 ἐμμενὲς
991 1544 1065 1584 αἰεὶ

124 1610 252 1660 χῶρον
279 1607 337 1648 ἀν’
362 1606 531 1658 ὑλήενθ’,
558 1610 579 1648 ὁ
603 1608 645 1649 δέ
668 1626 711 1649 τε
734 1608 928 1665 προθέῃσι
950 1610 1141 1660 μεμηκώς,

124 1673 174 1714 ὣς
197 1673 265 1714 τὸν
288 1674 476 1725 Τυδεΐδης
499 1674 556 1724 ἠδ’
582 1676 603 1714 ὁ
627 1677 891 1728 πτολίπορθος
915 1675 1135 1717 Ὀδυσσεὺς

123 1744 221 1780 λαοῦ
246 1740 517 1792 ἀποτμήξαντε
543 1742 725 1782 διώκετον
751 1744 914 1793 ἐμμενὲς
939 1743 1025 1782 αιέί.

124 1806 214 1846 ἀλλ’
239 1808 305 1848 ὅτε
329 1807 374 1857 δὴ
399 1807 487 1862 τάχ’
513 1808 656 1859 ἔμελλε
679 1807 920 1861 μιγήσεσθαι
945 1807 1172 1860 φυλάκεσσι
1382 1813 1440 1852 365

124 1872 281 1925 φεύγων
305 1875 345 1916 ἐς
370 1877 476 1924 νῆας,
503 1875 591 1915 τότε
616 1874 662 1925 δὴ
686 1874 803 1925 μένος
828 1874 972 1926 ἔμβαλ’
997 1873 1142 1924 Ἀθήνη

123 1939 300 1995 Τυδεΐδῃ,
327 1941 390 1980 ἵνα
414 1939 466 1991 μή
493 1957 550 1983 τις
575 1941 750 1994 Ἀχαιῶν
774 1941 1082 1994 χαλκοχιτώνων

162 2039 221 2069 341
248 2043 296 2062 τις
310 2029 367 2061 ΑΓ.
384 2029 450 2070 (καὶ
467 2032 497 2062 αἱ
513 2031 642 2064 πλείους
656 2030 765 2070 Did.),
779 2029 890 2062 L¹9U⁶
904 2041 945 2062 m.
963 2042 986 2061 1‘.
1005 2043 1012 2062 z
1036 2045 1085 2063 τοι
1103 2037 1167 2062 cet.
1259 2033 1323 2070 346
1348 2044 1443 2072 παρα-

121 2073 249 2113 φθαίῃσι
265 2072 325 2103 Ar.
344 2074 481 2113 (σχεδὸν
498 2075 529 2106 αἱ
544 2075 669 2114 πᾶσαι),
689 2074 776 2114 vulg.
794 2085 800 2106 ε
825 2074 1047 2116 παραφθάνῃσι
1063 2079 1088 2105 h
1226 2084 1288 2113 347
1314 2075 1364 2106 ἐπὶ
1381 2075 1439 2105 ΑΓ.

121 2114 176 2145 L¹⁹
189 2114 227 2145 P1
240 2114 293 2146 Ρ11
305 2114 363 2146 Ull
381 2127 388 2146 ε
410 2118 483 2148 ποτὶ
503 2118 623 2158 (προτὶ)
641 2117 730 2155 vulg.
874 2127 937 2155 349
960 2119 1001 2149 ὣς
1017 2117 1109 2157 ἔφατ’
1127 2119 1191 2148 οὐδ’
1210 2118 1345 2154 ἀπίθησε
1362 2119 1444 2156 βοὴν

121 2159 236 2199 ἀγαθὸς
253 2159 422 2198 Διομήδης,
443 2159 592 2192 ἐλθόντες
614 2161 640 2192 δ’
659 2160 807 2202 ἑκάτερθε
828 2160 926 2200 παρὲξ
947 2162 1019 2191 ὁδοῦ
1041 2162 1075 2191 ἐν
1098 2160 1246 2191 νεκύεσσι
1264 2160 1438 2199 Aristoph.

124 2201 173 2241 (ἐν
188 2203 228 2244 Τᾓ
245 2202 295 2234 Ἀ.
311 2203 361 2233 καὶ
379 2203 505 2243 ἄλλαις)
646 2213 709 2243 354
735 2203 951 2245 ἐπεδραμέτην
967 2202 1024 2233 ΛΓ.
1043 2206 1097 2233 ad
1109 2214 1127 2234 e
1141 2203 1168 2232 Β
1181 2203 1207 2233 C
1221 2202 1265 2233 N⁴
1278 2202 1442 2233 TV¹⁶³V³³²

122 2244 162 2275 al.
180 2255 187 2275 ε
213 2247 310 2286 ἐπιδρ.
328 2245 415 2284 vulg.
522 2247 584 2285 358
608 2248 724 2288 αἰψηρὰ
740 2246 851 2285 Apoll.
872 2246 936 2276 lex.
957 2256 981 2276 S.
999 2256 1026 2275 v.
1046 2246 1122 2286 αἶψα
1225 2256 1289 2285 359
1312 2246 1378 2286 τοὶ]
1397 2248 1442 2278 τὼ

123 2297 152 2317 ν.
166 2287 186 2318 l.
207 2288 239 2317 in
258 2287 288 2318 A
377 2288 435 2320 τόν
454 2291 480 2320 δ’
497 2289 544 2320 0²
633 2290 698 2321 ὦκα
713 2300 743 2320 v.
760 2289 780 2320 l.
799 2290 831 2319 in
849 2289 879 2318 A
977 2290 1040 2328 360
1064 2288 1154 2321 κύνες
1172 2300 1192 2319 o
1205 2288 1259 2319 L¹⁰
1271 2288 1326 2320 L¹⁹
1338 2289 1381 2320 N*
1396 2289 1441 2320 Ul

125 2329 169 2360 U³
182 2330 228 2360 U⁹
338 2332 368 2363 οἵ
381 2330 410 2362 τ’
430 2333 477 2363 ἐπὶ
495 2334 588 2374 θήρης
607 2332 692 2363 Plut.
711 2332 766 2364 vit.
790 2332 889 2363 Hom.
910 2343 938 2364 2.
959 2333 1001 2363 86
1155 2334 1218 2371 362
1243 2346 1278 2364 τε
1297 2342 1359 2363 om.
1382 2333 1439 2364 Ar.

123 2372 326 2405 rV¹V¹⁶V³2
456 2376 519 2414 363
543 2375 590 2414 ἠδ’
609 2375 639 2416 ὁ]
657 2375 713 2414 ἠδὲ
730 2375 849 2413 qu¹G
865 2375 906 2406 al.
1256 2420 1313 2451 14ss
