1660 2802
647 122 681 155 8.
756 115 1016 153 ΙΛΙΑΔΟΣ
1064 115 1102 152 Θ

205 221 314 276 ἽΙρῃ
341 220 372 259 δ’
399 220 466 259 οὐκ
492 219 608 272 ἔχαδε
635 221 780 268 στῆθος
806 218 942 271 χόλον,
972 217 1077 256 ἀλλὰ
1103 216 1319 268 προσηύδα·

214 290 237 304 “
256 286 435 326 αἰνότατε
462 287 643 336 Κρονίδη,
672 288 787 324 ποῖον
811 283 880 324 τὸν
905 285 1028 334 μῦθον
1053 282 1191 324 ἔειπες.

213 353 253 393 εὖ
279 370 324 393 νυ
350 353 412 392 καὶ
437 352 546 402 ἡμεῖς
572 354 681 402 ἴδμεν
707 352 728 390 ὅ
752 367 812 390 τοι
838 349 980 391 σθένος
1007 349 1074 389 οὐκ
1099 349 1344 389 ἀλαπαδνόν·

213 419 304 459 ἀλλ’
331 419 455 470 ἔμπης
483 422 652 458 Δαναῶν
676 416 940 469 ὀλοφυρόμεθ’
966 415 1210 469 αἰχμητάων,

213 482 255 525 οἵ
275 502 339 525 κεν
365 485 410 534 δὴ
438 484 555 524 κακὸν
580 484 686 523 οἶτον
712 481 1017 532 ἀναπλήσαντες
1042 483 1226 522 ὄλωνται.
1476 484 1539 524 465

213 548 302 588 ἀλλ’
329 548 413 598 ἤτοι
439 547 615 598 πολέμου
639 549 710 598 μὲν
736 544 963 598 ἀφεξόμεθ’,
997 547 1030 586 εἰ
1057 545 1106 586 σὺ
1132 546 1315 588 κελεύεις·

215 613 369 664 βουλὴν
395 613 427 652 δ’
453 612 648 665 Ἀργείοις
672 613 953 664 ὑποθησόμεθ’,
982 613 1006 663 ἥ
1030 630 1088 655 τις
1113 612 1263 663 ὀνήσει,

216 680 267 721 ὡς
291 679 344 730 μὴ
371 678 514 720 πάντες
540 681 710 719 ὄλωνται
735 678 1027 730 ὀδυσσαμένοιο
1052 679 1196 720 τεοῖο.”

281 745 365 795 Τὴν
391 745 422 786 δ’
449 747 769 797 ἀπαμειβόμενος
795 745 980 798 προσέφη
1007 744 1303 798 νεφεληγερέτα
1329 745 1440 787 Ζεύς·

217 815 242 830 “
258 812 350 862 ἠοῦς
375 812 420 862 δὴ
448 814 509 852 καὶ
534 815 691 863 μᾶλλον
715 812 934 864 ὑπερμενέα
961 814 1165 865 Κρονίωνα
1479 823 1544 857 470

215 882 348 931 ὄψεαι,
377 881 418 919 αἵ
443 878 474 918 κ’
501 878 714 935 ἐθέλῃσθα,
742 883 897 929 βοῶπις
922 880 1063 920 πότνια
1081 878 1204 931 “Ηρη,

215 945 376 985 ὀλλύντ’
403 945 596 997 Ἀργείων
622 945 771 986 πουλὺν
799 945 970 997 στρατὸν
995 945 1239 998 αἰχμητάων·

217 1012 261 1051 οὐ
285 1014 360 1065 γὰρ
386 1013 476 1063 πρὶν
502 1012 677 1063 πολέμου
703 1013 979 1053 ἀποπαύσεται
1004 1014 1171 1064 ὄβριμος
1189 1011 1360 1064 ‘'Ex-rum,

216 1080 307 1130 πρὶν
332 1080 443 1130 ὄρθαι
469 1081 572 1131 παρὰ
598 1082 725 1131 ναῦφι
744 1080 924 1119 ποδώκεα
950 1078 1175 1129 Πηλεΐωνα,

216 1144 334 1195 ἤματι
359 1149 411 1199 τῷ
437 1145 493 1185 ὅτ’
519 1145 567 1185 ἂν
592 1147 628 1185 οἱ
654 1148 726 1196 μὲν
754 1146 816 1186 ἐπὶ
842 1146 1041 1201 πρύμνῃσι
1065 1144 1272 1198 μάχωνται
1482 1155 1545 1189 475

218 1213 363 1252 στείνει
390 1213 431 1252 ἐν
455 1211 646 1266 αἰνοτάτῳ
674 1213 761 1264 περὶ
787 1212 1036 1263 Πατρόκλοιο
1063 1213 1262 1257 θανόντος,

218 1279 268 1320 ὡς
294 1280 367 1330 γὰρ
394 1278 598 1330 θέσφατόν
626 1280 725 1319 ἐστι·
765 1278 883 1318 σέθεν
907 1278 939 1317 δ’
967 1279 1044 1330 ἐγὼ
1071 1278 1139 1318 οὐκ
1166 1278 1334 1330 ἀλεγίζω

218 1344 435 1398 χωομένης,
463 1344 541 1385 οὐδ’
570 1347 606 1385 εἴ
630 1362 671 1385 κε
699 1347 745 1384 τα
770 1346 903 1385 νείατα
930 1344 1081 1397 πείραθ’
1107 1345 1212 1394 ἵκηαι

219 1413 332 1463 γαίης
358 1413 419 1452 καὶ
446 1413 619 1458 πόντοιο,
649 1411 698 1452 ἵν’
724 1410 899 1454 Ἰάπετός
924 1428 966 1452 τε
994 1412 1145 1463 Κρόνος
1168 1429 1211 1451 τε

218 1478 354 1529 ἥμενοι
379 1478 458 1518 οὔτ’
486 1479 606 1535 αὐγῇς
632 1477 862 1529 ’Ὑπερίονος
887 1477 1068 1518 Ἠελίοιο
1486 1483 1547 1522 480

218 1544 396 1596 τέρποντ’
423 1544 501 1584 οὔτ’
527 1544 722 1595 ἀνέμοισι,
750 1544 877 1595 βαθὺς
901 1544 944 1585 δέ
966 1561 1007 1585 τε
1031 1544 1235 1597 Τάρταρος
1260 1544 1397 1597 ἀμφίς·

219 1611 298 1651 οὐδ’
323 1608 372 1661 ἢν
397 1611 476 1652 ἕνθ’
502 1612 668 1664 ἀφίκηαι
694 1610 890 1662 ἀλωμένη,
918 1611 962 1651 οὔ
988 1628 1058 1652 σευ
1083 1611 1209 1663 ἔγωγε

221 1677 461 1729 σκυζομένης
487 1677 632 1730 ἀλέγω,
663 1679 747 1718 ἐπεὶ
773 1678 817 1717 οὐ
842 1677 913 1718 σέο
940 1678 1121 1729 κύντερον
1145 1677 1288 1718 ἅλλο.”

281 1743 360 1786 ὁΩς
386 1744 502 1797 φάτο,
531 1745 598 1785 τὸν
625 1744 656 1784 δ’
684 1746 728 1785 οὔ
752 1762 789 1785 τι
810 1744 994 1797 προσέφη
1020 1744 1264 1786 λευκώλενος
1282 1742 1405 1796 ‘'Hpvy.

220 1813 263 1852 ἐν
289 1810 320 1849 δ’
348 1811 459 1851 ἕπεσ’
486 1811 665 1866 Ὠκεανῷ
691 1811 873 1864 λαμπρὸν
901 1810 1004 1864 φάος
1029 1811 1193 1861 ἠελίοιο,
1483 1815 1545 1854 485

222 1878 338 1918 ἕλκον
363 1878 482 1918 νύκτα
506 1877 697 1928 μέλαιναν
723 1879 786 1919 ἐπὶ
814 1879 995 1930 ζείδωρον
1019 1877 1202 1930 ἄρουραν.

221 1945 381 1995 Τρωσὶν
405 1943 478 1994 μέν
501 1944 540 1994 ῥ’
567 1944 750 1985 ἀέκουσιν
775 1945 840 1985 ἔδυ
866 1944 981 1997 φάος,
1009 1944 1129 1996 αὐτὰρ
1155 1944 1332 1998 Ἀχαιοῖς

222 2011 402 2061 ἀσπασίη
428 2011 654 2062 τρίλλιστος
681 2010 850 2061 ἐπήλυθε
874 2010 948 2061 νὺξ
970 2009 1173 2062 ἐρεβεννή.

288 2077 435 2128 Τρώων
461 2077 543 2116 αὖτ’
571 2077 717 2129 ἀγορὴν
743 2076 937 2128 ποιήσατο
964 2078 1150 2130 φαίδιμος
1167 2075 1338 2128 “Έκτωρ,

268 2168 331 2205 463
357 2165 541 2198 ἀλαπαδνόν
556 2170 571 2196 i
581 2170 604 2196 k
616 2165 646 2196 Α
659 2166 703 2196 U¹
716 2165 776 2197 V18
790 2178 796 2196 :
822 2166 981 2199 ἐπιεικτόν
999 2167 1088 2206 vulg.
1247 2169 1310 2206 465
1321 2177 1340 2198 a
1356 2168 1466 2209 ἀνδρὸς
1486 2169 1554 2200 ἑνὸς

224 2212 309 2252 ῥιπῇ,
337 2212 353 2241 ὁ
378 2209 412 2241 δὲ
437 2210 580 2247 μαίνεται
605 2210 708 2241 οὐκέτ’
734 2212 871 2242 ἀνεκτῶς
889 2209 979 2247 qL¹²
994 2209 1057 2240 Μ12
1071 2210 1127 2241 ΜΟ
1140 2209 1182 2241 Vl
1193 2209 1254 2241 V3²
1271 2212 1326 2251 (m.
1343 2211 1384 2252 r.)
1405 2214 1453 2251 (3-
1473 2216 1553 2250 355)

312 2254 465 2291 466-468
496 2263 559 2283 om.
586 2253 673 2291 vulg.
692 2264 698 2282 :
734 2254 809 2284 hab.
841 2258 893 2284 bc
908 2257 930 2284 d
941 2257 956 2284 i
967 2258 982 2284 1
993 2265 1016 2290 p
1029 2254 1100 2290 qal.
1284 2264 1349 2293 470
1381 2254 1471 2295 ἠοῦς]
1497 2256 1553 2287 ἄεις

225 2296 304 2326 Zeu.
423 2306 482 2335 471
509 2297 547 2334 ἢν
565 2295 642 2326 Bm⁵
656 2295 821 2327 U¹1V1⁸v.
836 2296 855 2328 l.
878 2297 907 2326 Α
999 2300 1099 2333 βοῶπι
1117 2296 1463 2337 bg1ABCTLips.

225 2350 286 2378 474
313 2340 397 2381 ὄρθαι
413 2344 436 2370 b
449 2350 468 2370 c
480 2343 531 2370 fh
542 2339 572 2369 A
583 2339 611 2369 T
627 2353 633 2371 1
658 2340 754 2380 ὦρσαι
774 2339 830 2370 L¹⁹
844 2339 885 2370 Vl
899 2339 976 2370 V23:
1003 2340 1096 2381 ὦρθαι
1117 2345 1181 2371 cet.
1297 2343 1450 2381 475—476
1481 2341 1548 2371 ath.

224 2383 282 2413 Ar.
415 2384 478 2421 476
501 2383 668 2422 θανόντος]
686 2383 842 2415 πεσόντος
860 2388 938 2419 egl
951 2383 977 2413 B
992 2384 1018 2413 C
1043 2394 1072 2413 ν.
1094 2384 1112 2414 l.
1135 2384 1167 2413 in
1186 2384 1216 2413 A
1348 2385 1409 2423 481
1436 2384 1550 2424 βαθὺς]

226 2428 324 2459 πολὺς
341 2437 360 2458 e
371 2431 385 2457 1
397 2438 420 2463 p
431 2437 452 2463 q
465 2426 490 2456 B
505 2426 531 2456 C
663 2427 726 2463 482
750 2427 823 2466 σευ]
843 2440 897 2458 τευ
910 2431 934 2458 h
