1660 2802
702 139 737 172 5.
809 133 1068 171 ΙΛΙΑΔΟΣ
1120 135 1150 170 Ε

265 240 342 290 πὰρ
368 239 409 278 δὲ
434 239 532 279 στὰς
556 236 680 288 βέλος
704 235 782 277 ὠκὺ
808 238 1016 288 διαμπερὲς
1042 236 1193 290 ἐξέρυσ’
1219 239 1335 290 ὤμου·

264 306 360 355 αἷμα
385 304 416 344 δ’
443 304 669 354 ἀνηκόντιζε
695 305 758 344 διὰ
784 306 996 355 στρεπτοῖο
1018 307 1197 356 χιτῶνος.

263 371 308 421 δὴ
334 371 414 411 τότ’
439 370 559 412 ἔπειτ’
584 370 704 422 ἠρᾶτο
728 369 833 421 βοὴν
857 370 1004 422 ἀγαθὸς
1029 370 1242 422 Διομήδης·

265 439 291 455 “
309 439 424 478 κλῦθί
444 454 527 488 μευ,
555 437 750 489 αἰγιόχοιο
778 435 875 479 Διὸς
899 437 1020 483 τέκος,
1048 436 1284 490 Ἀτρυτώνη,
1526 453 1585 484 115

265 506 301 544 εἴ
323 504 418 545 ποτέ
441 521 506 555 μοι
532 504 594 543 καὶ
620 504 737 554 πατρὶ
764 504 866 555 φίλα
891 503 1117 556 φρονέουσα
1141 504 1341 556 παρέστης

264 570 357 625 δηΐῳ
383 572 425 610 ἐν
450 569 623 624 πολέμῳ,
651 572 720 609 νῦν
746 569 827 610 αὖτ’
854 571 922 620 ἐμὲ
946 574 1077 622 φῖλαι,
1105 570 1265 621 Ἀθήνη·

264 637 329 679 δὸς
353 637 395 677 δέ
419 637 462 677 τέ
484 636 524 688 μ’
549 636 671 688 ἄνδρα
696 639 803 676 ἑλεῖν
831 637 893 676 καὶ
917 638 957 678 ἐς
981 637 1104 689 ὁρμὴν
1129 637 1268 690 ἔγχεος
1294 639 1438 685 ἐλθεῖν,

264 704 307 745 ὅς
329 703 368 754 μ’
393 703 518 755 ἔβαλε
543 702 742 755 φθάμενος
769 703 832 743 καὶ
860 703 1081 757 ἐπεύχεται,
1108 703 1198 744 οὐδέ
1221 704 1271 755 μέ
1295 710 1399 757 φησι

264 770 381 822 δηρὸν
407 770 459 810 ἔτ’
485 772 660 822 ὄψεσθαι
685 769 868 821 λαμπρὸν
893 770 996 822 φάος
1018 769 1207 820 ἠελίοιο.”
1525 786 1586 808 120

324 835 404 879 ιῚὶς
428 836 542 889 ἔφατ’
569 836 791 889 εὐχόμενος·
830 840 897 877 τοῦ
921 836 953 877 δ’
980 836 1093 877 ἔκλυε
1119 839 1290 880 Παλλὰς
1314 836 1472 889 Ἀθήνη,

264 907 353 956 γυῖα
377 903 410 943 δ’
436 903 573 953 ἔθηκεν
600 902 768 955 ἐλαφρά,
798 904 919 945 πόδας
946 903 1006 943 καὶ
1031 907 1167 956 χεῖρας
1190 905 1369 956 ὕπερθεν·

263 971 390 1023 ἀγχοῦ
415 969 446 1011 δ’
475 969 663 1020 ἱσταμένη
690 970 787 1010 ἔπεα
813 971 1027 1022 πτερόεντα
1051 971 1268 1022 προσηύδα·

266 1038 290 1054 “
307 1040 465 1089 θαρσῶν
491 1040 570 1082 νῦν,
601 1037 808 1087 Διόμηδες,
837 1037 901 1077 ἐπὶ
924 1037 1113 1089 Τρώεσσι
1136 1036 1350 1091 μάχεσθαι·

263 1104 305 1144 ἐν
329 1103 404 1156 γάρ
428 1121 489 1144 τοι
514 1102 712 1154 στήθεσσι
736 1103 852 1154 μένος
876 1104 1074 1156 πατρώϊον
1098 1103 1174 1154 ἧκα
1526 1118 1584 1149 125

263 1170 442 1222 ἄτρομον,
471 1171 551 1211 οἷον
577 1170 721 1223 ἔχεσκε
747 1170 1001 1212 σακέσπαλος
1027 1171 1172 1211 ἱππότα
1196 1171 1354 1213 Τυδεύς·

263 1237 391 1290 ἀχλὺν
417 1236 448 1277 δ’
475 1237 521 1277 αὗ
545 1254 605 1277 τοι
630 1236 695 1277 ἀπ’
720 1238 938 1289 ὀφθαλμῶν
965 1238 1069 1284 ἕλον,
1096 1236 1120 1287 ἢ
1146 1238 1236 1290 πρὶν
1263 1239 1394 1289 ἐπῆεν,

263 1303 353 1356 ὄφρ’
379 1303 419 1344 εῧ
444 1304 669 1359 γιγνώσκῃς
692 1303 790 1354 ἠμὲν
817 1303 906 1344 θεὸν
930 1304 998 1354 ἠδὲ
1025 1305 1087 1345 καὶ
1112 1304 1246 1356 ἄνδρα.

262 1374 314 1410 τῶ
339 1373 419 1417 νῦν,
447 1373 488 1411 αἵ
513 1387 553 1410 κε
580 1371 667 1412 θεὸς
691 1371 930 1422 πειρώμενος
955 1370 1084 1411 ἐνθάδ’
1110 1372 1249 1421 ἵκηται,

261 1436 313 1487 μή
339 1454 376 1477 τι
401 1437 452 1477 σύ
475 1436 511 1489 γ’
538 1436 770 1478 ἀθανάτοισι
796 1439 898 1480 θεοῖς
924 1437 1079 1489 ἀντικρὺ
1103 1437 1306 1491 μάχεσθαι
1525 1452 1586 1484 130

261 1506 341 1546 τοῖς
365 1503 517 1546 ἄλλοις·
557 1505 652 1555 ἀτὰρ
679 1505 714 1544 εἴ
739 1522 779 1544 κε
805 1503 901 1546 Διὸς
927 1504 1098 1556 θυγάτηρ
1122 1504 1337 1557 Ἀφροδίτη

262 1570 402 1626 ἔλθῃσ’
428 1572 467 1612 ἐς
492 1572 680 1621 πόλεμον,
710 1570 779 1620 τήν
805 1570 841 1622 γ’
867 1570 1032 1622 οὐτάμεν
1056 1569 1140 1621 ὀξέϊ
1163 1571 1339 1626 χαλκῷ.”

328 1636 380 1676 ‘H
405 1639 476 1688 μὲν
503 1637 561 1689 ἄρ’
589 1638 639 1679 ὣς
666 1636 817 1678 εἰποῦσ’
843 1637 974 1688 ἀπέβη
1001 1641 1226 1689 γλαυκῶπις
1250 1636 1410 1688 Ἀθήνη,

261 1703 449 1755 Τυδεΐδης
474 1704 506 1744 δ’
533 1703 684 1755 ἐξαῦτις
712 1705 779 1744 ἰὼν
803 1703 1071 1757 προμάχοισιν
1097 1705 1252 1758 ἐμίχθη,

263 1771 325 1811 καὶ
350 1773 440 1823 πρίν
464 1788 537 1823 περ
563 1774 667 1826 θυμῷ
693 1772 852 1822 μεμαὼς
876 1771 1063 1823 Τρώεσσι
1087 1771 1299 1824 μάχεσθαι·
1525 1783 1583 1815 135

262 1838 307 1888 δὴ
333 1839 421 1878 τότε
445 1855 511 1888 μιν
535 1839 615 1890 τρὶς
641 1839 792 1879 τόσσον
818 1839 908 1879 ἕλεν
932 1837 1062 1888 μένος,
1090 1838 1140 1880 ὥς
1164 1855 1207 1878 τε
1231 1837 1386 1883 λέοντα,

262 1906 306 1944 ὅν
330 1904 379 1956 ῥά
403 1922 445 1945 τε
470 1905 613 1956 ποιμὴν
639 1906 745 1959 ἀγρῷ
772 1905 832 1946 ἐπ’
859 1905 1076 1956 εἰροπόκοις
1101 1904 1234 1945 ὀΐεσσι

261 1971 418 2027 χραύσῃ
441 1971 513 2022 μέν
537 1971 570 2011 τ’
595 1973 716 2022 αὐλῆς
742 1971 1013 2024 ὑπεράλμενον
1038 1971 1126 2011 οὐδὲ
1153 1970 1353 2026 δαμάσσῃ·

262 2041 329 2078 τοῦ
352 2037 423 2089 μέν
449 2055 491 2079 τε
517 2038 658 2079 σθένος
683 2036 823 2091 ὦρσεν,
851 2039 986 2080 ἔπειτα
1011 2037 1053 2078 δέ
1076 2037 1108 2077 τ’
1135 2037 1178 2077 οὐ
1202 2037 1459 2090 προσαμύνει,

263 2106 369 2144 ἀλλὰ
396 2106 492 2144 κατὰ
519 2105 718 2155 σταθμοὺς
741 2106 883 2151 δύεται,
911 2107 959 2145 τὰ
984 2104 1015 2144 δ’
1043 2106 1165 2156 ε’ρῆμα
1193 2107 1392 2156 φοβεῖται·
1523 2115 1584 2145 ¹40

307 2205 367 2235 115
390 2209 448 2235 μευ
464 2205 482 2226 c
495 2199 518 2225 k
531 2206 568 2225 m
585 2195 625 2226 al.
647 2207 653 2225 :
676 2209 737 2235 μου
752 2200 789 2226 1:
814 2209 866 2235 μοι
884 2194 974 2234 vulg.
1146 2195 1206 2224 118
1230 2195 1283 2226 δὺς
1300 2193 1337 2225 δέ
1350 2192 1390 2226 τέ
1404 2195 1436 2233 μ’
1454 2193 1584 2224 Herod.

261 2240 377 2271 codd.:
402 2240 459 2270 τὸν
476 2238 512 2270 δέ
526 2238 566 2270 τέ
580 2241 611 2278 μ’
629 2238 687 2270 Ar.
708 2238 766 2286 12¹⁶
787 2239 891 2270 schol.
911 2244 937 2271 O
958 2247 1018 2277 119
1124 2239 1184 2268 126
1206 2248 1273 2269 om.
1289 2235 1348 2285 12¹⁶
1455 2237 1517 2267 128
1539 2238 1588 2274 ἠδ’

261 2284 422 2325 ἄνθρωπον
438 2281 517 2312 Zen.
663 2292 724 2320 130
748 2282 848 2324 σύπερ
865 2287 880 2313 1
1010 2290 1069 2320 132
1094 2282 1156 2320 τήν
1171 2283 1203 2322 ’γ’
1221 2285 1255 2312 et
1277 2284 1338 2320 τὴν
1355 2278 1415 2311 Ar.
1435 2280 1563 2321 (διχῶς)
1581 2290 1588 2309 :

260 2327 369 2399 ἒήνᾶγ
387 2326 473 2365 vulg.
567 2325 699 2357 οὐτάσαι
717 2325 798 2357 Zen.
894 2325 1025 2366 χαλκῷ]
1044 2325 1130 2366 δουρί
1144 2323 1203 2373 ᾮῙῧ
1320 2324 1381 2363 136
1405 2323 1483 2365 ἔχεν
1501 2322 1587 2354 Ptol.

293 2380 325 2400 ιη
357 2395 361 2400 .
