1670 2828
680 171 714 207 l.
786 162 1047 203 ΙΛΙΑΔΟΣ
1118 164 1152 201 Α

322 268 436 310 Ἀλλ’
461 270 527 310 ὅτε
552 267 596 319 δή
621 267 655 320 ῥ’
681 267 722 308 ἐκ
749 271 832 308 τοῖο
856 264 1072 316 δυωδεκάτη
1098 264 1222 317 γένετ’
1247 265 1337 316 ἠώς,

258 337 319 376 καὶ
344 334 431 377 τότε
456 335 500 385 δὴ
526 334 846 387 πρὸς”Ολυμπον
870 334 964 373 ’ίσαν
990 333 1071 372 θεοὶ
1097 333 1181 373 αἰὲν
1206 330 1338 374 ἐόντες

255 401 396 443 πάντες
422 401 513 452 ἅμα,
536 400 633 442 Ζεὺς
652 400 683 440 δ’
704 399 813 453 ἦρχε·
854 397 972 441 Θέτις
997 398 1028 438 δ’
1049 399 1093 438 οὐ
1116 397 1250 448 λήθετ’
1270 395 1472 451 ἐφετμέων
1514 410 1576 442 495

256 468 390 509 παιδὸς
416 470 491 514 ἑοῦ,
520 466 610 507 ἀλλ’
635 467 660 517 ἥ
682 466 719 518 γ’
745 466 956 506 ἀνεδύσετο
982 468 1081 515 κῦμα
1105 463 1326 515 θαλάσσης,

254 533 362 585 ἠερίη
389 533 421 574 δ’
448 531 572 583 ἀνέβη
598 531 723 584 μέγαν
749 531 914 583 οὐρανὸν
939 529 1155 581 Οὔλυμπόν
1180 547 1233 572 τε.

1665 615 1670 633 d

256 600 365 651 εὗρεν
391 599 421 640 δ’
448 599 616 651 εὐρύοπα
642 599 834 650 Κρονίδην
860 597 951 649 ἄτερ
975 597 1118 648 ἥμενον
1143 596 1279 638 ἄλλων

256 665 445 722 ἀκροτάτῃ
473 670 622 722 κορυφῇ
648 664 925 716 πολυδειράδος
951 664 1196 715 Οὐλύμποιο·

258 733 322 772 καί
341 733 390 783 ῥα
415 731 567 783 πάροιθ’
593 731 724 771 αὐτοῖο
752 729 945 780 καθέζετο,
974 730 1036 770 καὶ
1060 729 1165 781 λάβε
1191 731 1342 782 γούνων
1513 742 1580 772 500

256 804 387 854 σκαιῇ,
409 797 584 854 δεξιτερῇ
609 798 641 837 δ’
667 797 725 848 ἄρ’
749 797 813 837 ὑπ’
838 798 1076 849 ἀνθερεῶνος
1101 798 1251 837 ἑλοῦσα

254 862 475 915 λισσομένη
501 862 713 915 προσέειπε
740 864 818 904 Δία
845 864 1047 915 Κρονίωνα
1073 862 1234 903 ἄνακτα·

258 933 284 948 “
304 933 380 971 Ζεῦ
405 930 538 982 πάτερ,
568 931 604 971 εἴ
626 947 719 971 ποτε
745 928 790 980 δή
819 946 866 970 σε
890 929 972 980 μετ’
999 928 1255 969 ἀθανάτοισιν
1280 929 1409 979 ὄνησα

256 993 279 1046 ἦ
306 997 390 1037 ἕπει
413 993 435 1046 ἢ
462 997 574 1051 ἔργῳ,
603 997 691 1038 τόδε
715 1013 780 1046 μοι
806 995 972 1048 κρήηνον
997 995 1157 1047 ἐέλδωρ·
1188 1045 1193 1051 ’

256 1063 423 1113 τίμησόν
447 1080 512 1113 μοι
538 1063 634 1108 υἱόν,
662 1062 703 1104 ὃς
729 1062 1030 1114 ὠκυμορώτατος
1055 1061 1190 1102 ἄλλων
1518 1074 1580 1104 505
1622 1117 1626 1122 Α

256 1128 401 1169 ἔπλετ’·
439 1129 535 1180 ἀτάρ
559 1146 624 1179 μιν
650 1132 717 1169 νῦν
741 1146 787 1180 γε
812 1127 913 1178 ἄναξ
935 1129 1085 1179 ἀνδρῶν
1109 1126 1369 1179 Ἀγαμέμνων

255 1195 460 1245 ἠτίμησεν·
499 1195 600 1235 ἑλὼν
626 1197 701 1246 γὰρ
726 1195 809 1247 ἔχει
834 1194 962 1246 γέρας,
992 1193 1105 1235 αὐτὸς
1130 1193 1314 1245 ἀπούρας.

256 1261 361 1301 ἀλλὰ
387 1262 438 1302 σύ
462 1260 533 1313 πέρ
558 1278 624 1312 μιν
649 1264 795 1307 τεῖσον,
823 1260 1019 1311 Ὀλύμπιε
1040 1261 1206 1312 μητίετα
1231 1263 1320 1300 Ζεῦ·

256 1328 386 1379 τόφρα
411 1327 443 1367 δ’
470 1328 533 1368 ἐπὶ
557 1328 744 1378 Τρώεσσι
768 1327 866 1367 τίθει
891 1326 1041 1379 κράτος,
1068 1325 1160 1378 ὄφρ’
1185 1325 1233 1366 ἂν
1258 1325 1414 1379 Ἀχαιοὶ

1136 1391 1191 1406 μ’,

255 1393 339 1434 υἱὸν
364 1393 457 1444 ἐμὸν
482 1395 671 1434 τείσωσιν
695 1393 928 1445 ὀφέλλωσίν
954 1392 996 1433 τέ
1020 1394 1039 1433 ἑ
1062 1409 1166 1449 τιμῃ.
1518 1404 1582 1435 510

317 1458 396 1501 ὸΩς
421 1459 536 1511 φάτο·
574 1459 644 1510 τὴν
669 1459 701 1499 δ’
729 1460 773 1500 οὔ
797 1477 833 1499 τι
859 1458 1044 1511 προσέφη
1071 1457 1366 1511 νεφεληγερέτα
1390 1457 1503 1504 Ζεύς,

257 1525 348 1565 ἀλλ’
374 1525 499 1567 ἀκέων
524 1526 594 1576 δὴν
618 1526 732 1576 ἧστο·
771 1525 890 1568 Θέτις
915 1525 947 1565 δ’
975 1525 1025 1567 ὡς
1050 1525 1183 1576 ἥψατο
1208 1525 1373 1577 γούνων,

1638 1424 1642 1437 λ

1637 1499 1640 1506 ι

257 1593 307 1633 ὣς
332 1592 434 1645 ἔχετ’
462 1593 693 1645 ἐμπεφυυῖα,
723 1593 786 1633 καὶ
812 1594 935 1643 εἴρετο
961 1592 1139 1643 δεύτερον
1165 1591 1283 1633 αὖτις·

259 1661 283 1675 “
301 1661 485 1710 νημερτὲς
509 1661 580 1709 μὲν
606 1657 652 1708 δή
675 1675 742 1709 μοι
766 1659 945 1711 ὑπόσχεο
970 1660 1034 1698 καὶ
1059 1657 1313 1703 κατάνευσον,
1610 1710 1612 1712 v

257 1721 278 1774 ἢ
307 1724 473 1771 ἀπόειπ’,
501 1726 586 1766 ἐπεὶ
611 1725 655 1766 οὔ
679 1742 739 1765 τοι
764 1725 826 1766 ἔπι
852 1724 950 1771 δέος,
978 1724 1068 1777 ὄφρ’
1095 1722 1136 1765 ἐὺ·
1161 1723 1271 1765 εἰδέω
1518 1736 1580 1768 515
1600 1726 1635 1778 ’ἑ

257 1791 382 1831 ὅσσον
407 1792 484 1843 ἐγὼ
508 1789 608 1841 μετὰ
633 1794 756 1832 πᾶσιν
780 1791 994 1842 ἀτιμοτάτη
1020 1791 1107 1833 θεός
1133 1789 1248 1841 εἰμι.”
1573 1737 1622 1852 δ’

323 1857 406 1907 Τὴν
431 1860 472 1898 δὲ
496 1857 583 1909 μέγ’
610 1857 789 1910 ὀχθήσας
814 1858 997 1910 προσέφη
1023 1856 1318 1909 νεφεληγερέτα
1342 1855 1453 1898 Ζεύς·
1597 1853 1615 1885 ἦ

259 1926 283 1940 “
300 1922 323 1973 ἧ
349 1923 392 1973 δὴ
413 1924 546 1975 λοίγια
571 1923 651 1976 ἔργ’
677 1925 698 1963 ὅ
722 1924 765 1965 τέ
788 1924 826 1975 μ’
852 1926 1120 1977 ἐχθοδοπῆσαι
1145 1922 1311 1976 ἐφήσεις

249 1988 372 2045 “Hpgy,
398 1989 454 2029 ὅτ’
479 1989 526 2030 ἄν
550 1989 589 2040 μ’
615 1990 798 2046 ἐρέθῃσιν
824 1991 1024 2032 ὀνειδείοις
1049 1989 1252 2030 ἐπέεσσιν·

255 2055 277 2105 ἡ
304 2057 346 2096 δὲ
371 2055 434 2109 καὶ
457 2056 580 2098 αὕτως
603 2055 641 2106 μ’
668 2057 743 2097 αἰεὶ
769 2058 810 2097 ἐν
835 2057 1068 2097 ἀθανάτοισι
1092 2058 1222 2096 θεοῖσι
1516 2067 1580 2098 5²0

256 2125 387 2167 νεικεῖ,
416 2122 480 2162 καί
501 2121 544 2162 τέ
568 2121 616 2172 μέ
641 2127 743 2173 φησι
767 2123 877 2178 μάχῃ
901 2123 1112 2174 Τρώεσσιν
1138 2120 1311 2174 ἀρήγειν.

256 2188 362 2228 ἀλλὰ
387 2187 436 2228 σὺ
460 2189 532 2238 μὲν
558 2191 625 2228 νῦν
651 2189 758 2230 αὖτις
783 2189 991 2242 ἀπόστιχε,
1017 2187 1070 2239 μή
1095 2205 1131 2228 τι
1157 2187 1281 2243 νοήσῃ

248 2252 370 2305 ”Ηρη·
409 2255 494 2304 ἐμοὶ
519 2253 560 2295 δέ
587 2271 628 2295 κε
652 2258 771 2295 ταῦτα
795 2254 1024 2306 μελήσεται,
1052 2256 1158 2306 ὄφρα
1180 2252 1380 2294 τελέσσω·

298 2354 362 2385 503
392 2345 507 2387 ὄνησα]
533 2346 625 2378 ἔτισα
648 2347 700 2377 cit.
731 2346 874 2386 Dionys.
904 2346 984 2380 Hal.
1009 2347 1094 2378 rhet.
1120 2347 1165 2377 ix.
1194 2355 1232 2385 15
1396 2352 1461 2383 510
1485 2342 1598 2384 τιμήν
1630 2359 1633 2373 e

254 2392 370 2464 Ἰοεέἓε
537 2399 600 2429 522
625 2403 656 2421 τι
678 2390 737 2421 Ar.
760 2391 825 2430 [nal
846 2391 877 2422 αἱ
900 2391 999 2423 ἄλλαι
1025 2390 1147 2431 σχεδὸν
1166 2392 1266 2422 πᾶσαι
1291 2386 1512 2429 διορθώσεις);
1543 2398 1581 2421 σε

254 2442 294 2464 CO
345 2455 352 2463 .
