1670 2828
673 122 707 157 ·2.
782 115 1039 152 IAIAAOE
1087 115 1117 151 Β

235 222 324 261 λαοὶ
349 219 492 260 ἕποντ’·
533 221 574 259 ἐν
600 218 632 258 δ’
659 218 771 259 αὐτὸς
798 217 961 257 ἐδύσετο
985 217 1144 267 νώροπα
1169 217 1321 270 χαλκὸν

236 287 409 331 κυδιόων,
440 289 561 326 πᾶσιν
586 287 627 326 δὲ
652 284 895 336 μετέπρεπεν
921 282 1133 334 ἡρώεσσιν,

234 351 357 392 οὕνεκ’
383 352 542 404 ἄριστος
567 352 647 401 ἔην,
676 351 777 391 πολὺ
803 352 844 390 δὲ
869 350 1084 391 πλείστους
1109 349 1180 401 ἄγε
1205 350 1336 391 λαούς.
1494 355 1559 394 580

301 419 352 459 Οἳ
377 418 410 458 δ’
435 418 544 470 εἶχον
569 419 705 467 κοίλην
731 417 1007 466 Χακεδαίμονα
1033 416 1277 466 κητώεσσαν,

234 485 358 536 Φᾶρίν
383 501 424 524 τε
451 483 634 535 Σπάρτην
658 500 701 524 τε
725 481 1008 534 πολυτρήρωνά
1033 499 1075 522 τε
1099 481 1286 532 Μέσσην,

235 550 425 602 Βρυσειάς
449 550 481 589 τ’
507 549 694 600 ἐνέμοντο
721 551 783 590 καὶ
809 548 978 600 Αὐγειὰς
1003 547 1216 600 ἐρατεινάς,

256 616 444 631 Ἰἳνῖἳ

233 635 269 657 οι
294 634 314 656 τ
353 634 398 667 αρ
448 616 634 666 Αμύκλας
662 616 798 668 εἶχον
797 614 916 657 Ελος
941 614 990 660 τ’,
1019 615 1174 666 ἔφαλον
1200 615 1448 666 πτολίεθρον,

233 683 272 722 οἵ
293 699 335 723 τε
360 682 470 722 Λάαν
496 683 604 735 εἶχον
630 682 689 731 ἠδ’
716 684 890 722 Οἴτυλον
915 680 1204 733 ἀμφενέμοντο,
1495 686 1557 724 585

232 753 308 789 τῶν
332 751 369 789 οἱ
394 749 589 801 ἀδελφεὸς
614 766 722 801 ηρχε,
750 748 852 799 βοήν
879 748 1027 799 ἀγαθὸς
1046 746 1266 793 Μενέλαος,

233 814 421 865 ἑξήκοντα
446 819 556 855 νεῶν·
595 814 790 866 ἀπάτερθε
815 816 856 855 δὲ
884 813 1154 865 θωρήσσοντο·

232 883 272 921 ἐν
299 881 330 921 δ’
356 880 469 923 αὐτὸς
496 882 575 921 κίεν
599 879 668 937 ᾗσι
692 882 933 936 προθυμίῃσι
958 880 1166 925 πεποιθώς,

232 948 401 999 ὀτρύνων
427 948 658 998 πόλεμόνδε·
697 947 874 998 μάλιστα
899 949 939 988 δὲ
964 948 1044 988 ἵετο
1070 949 1173 1001 θυμῷ

232 1015 443 1054 τείσασθαι
466 1014 635 1064 Ἑλένης
660 1013 862 1066 ὁρμήματά
887 1031 930 1054 τε
955 1012 1154 1066 στοναχάς
1180 1030 1233 1052 τε.
1494 1025 1559 1056 590

298 1082 349 1121 Οἳ
375 1083 416 1121 δὲ
442 1081 581 1121 Πύλον
606 1080 638 1119 τ’
665 1080 850 1131 ἐνέμοντο
877 1081 939 1121 καὶ
964 1079 1133 1130 Ἀρήνην
1160 1078 1360 1131 ἐρατεινὴν

234 1149 294 1188 καὶ
322 1148 467 1199 Θρύον,
494 1147 701 1198 Ἂλφειοῖο
728 1148 860 1198 πόρον,
890 1148 952 1187 καὶ
979 1146 1152 1187 ἐΰκτιτον
1180 1145 1294 1191 Αἰπύ,

234 1215 294 1254 καὶ
322 1213 654 1265 Κυπαρισσήεντα
680 1215 742 1254 καὶ
765 1213 1052 1266 Ἀμφιγένειαν
1077 1213 1220 1258 ἔναιον,

234 1282 294 1321 καὶ
322 1280 502 1321 Πτελεὸν
529 1282 590 1321 καὶ
608 1279 734 1322 “mog
761 1282 822 1321 καὶ
852 1281 1019 1332 Δώριον,
1049 1281 1142 1321 ἔνθα
1167 1296 1209 1320 τε
1238 1282 1398 1319 Μοῦσαι

232 1348 441 1397 ἀντόμεναι
467 1347 646 1399 Θάμυριν
673 1347 739 1387 τὸν
766 1346 920 1399 Θρήϊκα
945 1351 1101 1387 παῦσαν
1128 1348 1272 1396 ἀοιδῆς,
1495 1358 1558 1389 595

232 1415 478 1466 Οἰχαλίηθεν
504 1415 613 1454 ἰόντα
638 1414 727 1466 παρ’
755 1415 929 1465 Εὐρύτου
948 1416 1183 1467 Οἰχαλιῆος’

233 1484 372 1520 στεῦτο
398 1483 472 1532 γὰρ
498 1481 710 1534 εὐχόμενος
736 1480 961 1531 νικησέμεν,
985 1482 1020 1520 εἴ
1043 1497 1115 1531 περ
1142 1480 1189 1520 ἂν
1215 1478 1328 1519 αὐταὶ

234 1549 393 1587 Μοῦσαι
418 1548 599 1593 ἀείδοιεν,
627 1551 761 1599 κοῦραι
788 1547 884 1589 Διὸς
910 1548 1120 1599 αἰγιόχοιο·

232 1615 270 1653 αἱ
295 1615 337 1654 δὲ
361 1614 646 1666 χολωσάμεναι
671 1613 794 1665 πηρὸν
824 1613 958 1659 θέσαν,
986 1614 1106 1665 αὐτὰρ
1134 1612 1268 1663 ἀοιδὴν

233 1681 449 1730 θεσπεσίην
475 1680 677 1732 ἀφέλοντο
703 1682 766 1721 καὶ
792 1680 1012 1721 ἐκλέλαθον
1039 1680 1277 1731 κιθαριστύν·
1491 1681 1556 1714 600

231 1750 307 1786 τῶν
333 1746 416 1786 αὖθ’
443 1747 657 1799 ἡγεμόνευε
684 1746 868 1798 Γερήνιος
894 1746 1039 1787 ἱππότα
1064 1746 1247 1799 Νέστωρ·

231 1816 284 1866 τῷ
309 1812 341 1852 δ’
367 1813 602 1863 ἐνενήκοντα
627 1815 830 1866 γλαφυραὶ
855 1812 939 1855 νέες
965 1813 1220 1866 ἐστιχόωντο.

299 1879 350 1918 Οἳ
376 1878 407 1918 δ’
435 1880 528 1932 ἔχον
552 1879 761 1931 Ἀρκαδίην
787 1879 861 1920 ὑπὸ
887 1878 1098 1930 Κυλλήνης
1123 1881 1211 1931 ὅρος
1235 1877 1341 1923 αἰπύ»

233 1946 420 1984 Αἰπύτιον
444 1947 549 1997 παρὰ
574 1946 740 1996 τύμβον,
768 1945 817 1986 ἵν’
843 1945 978 1997 ἀνέρες
1003 1947 1286 1999 ἀγχιμαχηταί,

233 2010 268 2050 οἳ
294 2011 441 2051 Φενεόν
465 2011 498 2051 τ’
525 2011 710 2062 ἐνέμοντο
737 2013 798 2052 καὶ
823 2011 1068 2064 Ὀρχομενὸν
1093 2012 1325 2062 πολύμηλον

231 2076 368 2127 Ῥίπην
392 2092 435 2118 τε
459 2079 652 2130 Στρατίην
677 2094 720 2118 τε
747 2079 809 2118 καὶ
833 2078 1086 2128 ἠνεμόεσσαν
1111 2078 1319 2128 Ἐνίσπην,

234 2144 294 2183 καὶ
320 2143 474 2195 Τεγέην
498 2144 608 2197 εἶχον
634 2145 698 2185 καὶ
723 2144 951 2195 Μαντινέην
977 2143 1189 2196 ἐρατεινήν,

233 2209 472 2262 Στύμφηλόν
498 2210 530 2249 τ’
557 2211 667 2264 εἶχον
693 2212 754 2252 καὶ
781 2212 1016 2263 Παρρασίην
1042 2210 1240 2261 ἐνέμοντο,

270 2302 423 2342 579-580
446 2302 511 2331 ath.
533 2301 612 2333 Zeu.
731 2312 795 2341 579
818 2305 915 2334 πᾶσιν
933 2302 965 2334 δὲ
983 2302 1063 2333 Zen.
1079 2314 1084 2332 z
1109 2305 1206 2334 πᾶσιν
1223 2302 1256 2334 δὲ
1274 2308 1307 2333 et
1325 2304 1374 2335 ὅτι
1392 2305 1470 2335 πᾶσι
1489 2302 1547 2334 Ar.

228 2347 352 2386 gsstxibs)
372 2357 378 2375 ἒ
405 2347 453 2377 ὅτι
467 2347 545 2376 πᾶσι
565 2345 651 2384 vulg.
669 2357 674 2374 ἱ
701 2348 750 2377 καὶ
767 2348 845 2378 πᾶσι
858 2345 942 2376 iV3'3
959 2346 998 2376 al.
1147 2348 1206 2385 581
1234 2346 1451 2378 καιετάεσσαν
1467 2345 1546 2378 Zen.

235 2391 313 2430 pv.)
403 2390 466 2428 585
492 2389 519 2419 οἳ
538 2389 641 2420 Τύλου
659 2389 834 2428 Tyrannio
853 2389 890 2420 Ρ1
907 2388 970 2429 1³¹¹,
984 2402 1035 2430 γρ.
1057 2388 1133 2419 Bm5
1222 2392 1285 2420 602
1310 2389 1371 2430 τῷ]
1386 2393 1449 2421 τῶν
1466 2399 1491 2427 g·
1506 2390 1547 2421 al.

1522 2230 1670 2828 1
