1660 2802
640 147 675 180 7.
748 141 1007 179 ΙΛΙΑΔΟΣ
1054 143 1093 179 H

203 244 344 296 τεύχεα
370 241 550 293 συλήσας
576 242 728 296 φερέτω
751 245 886 285 κοίλας
912 243 975 284 ἐπὶ
999 246 1108 294 νῆας,

204 314 319 361 σῶμα
342 312 383 351 δὲ
407 309 529 350 οἴκαδ’
555 309 648 360 ἐμὸν
674 311 834 360 δόμεναι
858 308 991 356 πάλιν,
1019 312 1124 362 ὄφρα
1147 310 1267 362 πυρός
1289 327 1339 362 με

202 380 335 428 Τρῶες
361 377 422 416 καὶ
446 377 593 427 Τρώων
618 376 763 429 ἄλοχοι
786 375 996 429 λελάχωσι
1022 377 1202 417 θανόντα.
1483 383 1525 414 80

204 444 236 483 εἰ
262 442 304 482 δέ
330 442 362 482 κ’
388 443 464 494 ἐγὼ
489 442 558 483 τὸν
586 443 676 489 ἕλω,
703 443 784 498 δώῃ
810 442 852 483 δέ
875 460 943 493 μοι
967 443 1081 496 εῧχος
1106 443 1332 490 Ἀπόλλων,

202 510 344 562 τεύχεα
370 510 550 559 σύλησας
576 511 673 549 οἴσω
700 510 813 561 προτὶ
832 508 961 550 Ἴλιον
987 509 1084 562 ἱρήν,

204 576 265 615 καὶ
292 576 440 627 κρεμόω
465 577 578 627 προτὶ
603 576 698 626 νηὸν
724 575 982 618 Ἀπόλλωνος
1007 576 1172 623 ἑκάτοιο,

201 642 268 682 τὸν
295 644 335 682 δὲ
362 641 474 682 νέκυν
499 643 562 682 ἐπὶ
589 645 683 692 νῆας
709 642 956 693 ἐϋσσέλμους
982 643 1190 690 ἀποδώσω,

201 710 307 760 ὄφρα
331 711 349 749 ἑ
374 709 605 761 ταρχύσωσι
633 708 729 760 κάρη
757 709 975 759 κομόωντες
999 709 1168 762 Ἀχαιοί,
1483 716 1524 754 85

202 774 309 825 σῆμά
334 789 376 815 τε
402 776 436 814 οἱ
462 775 636 827 χεύωσιν
661 775 725 815 ἐπὶ
749 779 894 816 πλατεῖ
916 774 1219 831 “Ελλησπόντῳ.

203 843 268 882 καί
289 841 384 882 ποτέ
408 858 466 882 τις
491 843 626 897 εἴπῃσι
652 842 714 882 καὶ
739 842 942 894 ὀψιγόνων
968 843 1196 895 ἀνθρώπων,

200 908 265 958 νηὶ·
288 906 522 957 πολυκλήϊδι
546 907 680 948 πλέων
706 909 768 949 ἐπὶ
795 910 935 949 οἴνοπα
957 909 1118 950 πόντον·

202 976 212 991 ‘
229 974 368 1025 ἀνδρὸς
392 976 464 1025 μὲν
489 975 579 1015 τόδε
604 977 712 1025 σῆμα
736 974 860 1015 πάλαι
886 978 1214 1026 κατατεθνηῶτος,

200 1042 244 1081 ὅν
270 1040 356 1081 ποτ’
381 1041 639 1092 ἀριστεύοντα
665 1041 874 1083 κατέκτανε
900 1043 1085 1094 φαίδιμος
1103 1041 1286 1094 ‘'Em-(ops
1481 1057 1525 1088 90

200 1108 251 1149 ὥς
275 1106 371 1148 ποτέ
394 1124 452 1149 τις
476 1107 589 1159 ἐρέει·
627 1108 672 1148 τὸ
696 1108 728 1148 δ’
754 1109 848 1159 ἐμὸν
875 1108 989 1151 κλέος
1014 1109 1058 1149 οὔ
1082 1108 1170 1150 ποτ’
1195 1108 1385 1149 ὀλεῖται.”

261 1172 340 1215 ὸΩς
365 1174 493 1226 ἔφαθ’,
521 1176 556 1214 οἱ
582 1174 614 1214 δ’
639 1174 713 1226 ἄρα
737 1174 881 1217 πάντες
905 1175 1002 1225 ἀκὴν
1028 1175 1214 1228 ἐγένοντο
1239 1176 1383 1232 σιωπῇ·

200 1242 383 1281 αἴδεσθεν
408 1242 480 1291 μὲν
505 1240 736 1291 ἀνήνασθαι,
765 1244 902 1281 δεῖσαν
927 1241 960 1281 δ’
985 1241 1213 1296 ὑποδέχθαι·

200 1308 278 1359 ὀψὲ
303 1309 344 1348 δὲ
371 1307 415 1357 δὴ
441 1307 651 1350 Μενέλαος
675 1308 864 1348 ἀνίστατο
892 1309 953 1349 καὶ
978 1308 1159 1359 μετέειπε

200 1375 318 1414 νείκει
342 1374 552 1424 ὀνειδίζων,
579 1373 681 1427 μέγα
700 1377 740 1415 δὲ
767 1375 1022 1428 στεναχίζετο
1047 1377 1166 1429 θυμῷ·
1482 1389 1524 1422 95

202 1442 226 1457 “
244 1440 271 1480 ὤ
296 1457 374 1491 μοι,
403 1441 672 1492 ἀπειλητῆρες,
701 1440 912 1495 Ἀχαιΐδες,
939 1441 1063 1482 οὐκέτ’
1089 1441 1259 1495 Ἀχαιοί·

200 1505 222 1557 ἦ
246 1509 317 1557 μὲν
343 1507 387 1557 δὴ
413 1507 528 1558 λώβη
554 1507 646 1548 τάδε
670 1507 706 1560 γ’
732 1508 896 1548 ἔσσεται
923 1509 1079 1549 αἰνόθεν
1104 1509 1233 1555 αἰνῶς,

200 1574 233 1613 εἰ
257 1572 310 1624 μή
335 1590 393 1616 τις
419 1577 587 1615 Δαναῶν
612 1578 678 1615 νῦν
697 1573 892 1626 “Έκτορος
918 1575 1050 1617 ἀντίος
1076 1574 1192 1616 εἶσιν.

201 1639 291 1680 ἀλλ’
316 1641 424 1691 ὑμεῖς
448 1643 520 1691 μὲν
546 1640 689 1684 πάντες
712 1642 814 1693 ὕδωρ
841 1642 902 1682 καὶ
927 1645 1021 1694 γαῖα
1045 1641 1243 1694 γένοισθε,

200 1706 335 1757 ἥμενοι
360 1707 447 1747 αὖθι
472 1708 632 1748 ἕκαστοι
655 1707 820 1760 ἀκήριοι,
848 1709 986 1751 ἀκλεὲς
1011 1709 1148 1751 αὔτως·
1461 1722 1525 1745 100

199 1775 297 1827 τῷδε
323 1773 356 1813 δ’
382 1775 483 1826 ἐγὼν
508 1774 622 1816 αὐτὸς
647 1774 882 1827 θωρήξομαι·
922 1775 1042 1827 αὐτὰρ
1067 1776 1210 1828 ὕπερθε

200 1841 308 1890 νίκης
333 1840 481 1892 πείρατ’
508 1841 668 1894 ἔχονται
692 1843 734 1882 ἐν
761 1841 994 1883 ἀθανάτοισι
1019 1842 1209 1883 θεοῖσιν.”

261 1904 340 1949 ὸΩς
365 1907 439 1959 ἄρα
465 1907 657 1959 φωνήσας
683 1909 917 1950 κατεδύσετο
944 1909 1087 1963 τεύχεα
1112 1908 1226 1950 καλά.

200 1972 294 2013 ἔνθα
320 1972 362 2014 κέ
386 1990 457 2020 τοι,
488 1974 682 2021 Μενέλαε,
711 1974 817 2027 φάνη
843 1977 998 2027 βιότοιο
1025 1976 1187 2027 τελευτὴ

194 2038 384 2092 ΓΈκτορος
408 2041 450 2080 ἐν
474 2040 718 2098 παλάμῃσιν,
749 2043 833 2083 ἐπεὶ
859 2042 960 2083 πολὺ
987 2042 1176 2095 φέρτερος
1200 2042 1280 2094 ἦεν,
1464 2057 1523 2087 105

201 2107 233 2146 εἶ
258 2106 309 2156 μὴ
336 2106 564 2158 ἀναΐξαντες
591 2109 684 2149 ἕλον
708 2112 907 2160 βασιλῆες
932 2109 1119 2162 Ἀχαιῶν,

201 2172 315 2214 αὐτός
339 2173 372 2212 τ’
398 2173 598 2226 Ἀτρεΐδης
627 2174 713 2226 εὐρὺ
741 2175 878 2226 κρείων
903 2173 1162 2226 Ἀγαμέμνων

201 2238 396 2291 δεξιτερῆς
422 2241 488 2280 ἕλε
513 2241 644 2293 χειρὸς
669 2241 762 2282 ἔπος
786 2241 818 2280 τ’
844 2241 959 2293 ἔφατ’
985 2241 1026 2280 ἔκ
1050 2241 1083 2280 τ’
1110 2242 1311 2293 ὀνόμαζεν·

243 2345 286 2373 90
310 2335 345 2367 ὅν
361 2332 422 2366 τιν’
440 2345 469 2364 v.
485 2333 505 2365 l.
527 2333 560 2363 in
579 2333 606 2363 T
776 2343 817 2372 95
843 2333 936 2365 νείκε’
954 2331 1012 2363 ΑΓ.
1035 2332 1086 2369 (ἔν
1101 2344 1168 2363 τισι
1185 2334 1249 2363 τῶν
1266 2330 1523 2370 ὑπομνημάτων),

199 2378 287 2416 qL¹¹
302 2376 355 2408 L¹⁴
469 2387 510 2416 97
535 2376 611 2408 τάδε
629 2376 679 2417 γ’]
697 2390 736 2417 γε
753 2375 822 2408 τάδ’
839 2387 867 2407 v.
882 2376 902 2406 l.
920 2386 972 2415 ap.
991 2375 1019 2406 T
1037 2375 1086 2415 (ἔν
1103 2376 1185 2408 wrm
1305 2384 1364 2413 104
1388 2373 1526 2415 βιότοιο]

201 2422 345 2454 θανάτοιο
361 2432 391 2452 ν.
407 2421 426 2451 l.
448 2421 480 2451 in
498 2420 567 2450 AT
657 2422 775 2457 βιώτου
791 2419 890 2461 τέρμα
906 2419 1041 2460 φαάνθη,
1058 2432 1110 2460 γρ.
1129 2417 1188 2449 V¹3
