1629 2828
512 140 548 175 2.
621 133 882 172 ΙΛΙΑΔΟΣ
953 135 982 171 Β

93 243 148 294 βῆ
173 239 205 281 δ’
229 237 287 292 ἄρ’
313 237 374 280 ἐπ’
399 237 602 290 Ἀτρεΐδην
627 237 917 290 Ἀγαμέμνονα·
955 237 1022 278 τὸν
1047 237 1080 277 δ’
1107 239 1288 291 ἐκίχανεν

95 306 237 350 εὕδοντ’
262 307 304 346 ἐν
328 306 475 361 κλισίῃ,
503 305 590 357 περὶ
615 304 647 345 δ’
673 305 892 356 ἀμβρόσιος
918 303 1048 356 κέχυθ’
1073 304 1205 347 ὕπνος.

95 375 168 424 στῆ
193 372 224 413 δ’
253 371 310 424 ἄρ’
333 372 428 424 ὑπὲρ
456 373 632 423 κεφαλῆς
658 370 821 425 Νηληΐῳ
848 371 900 411 υἷι
926 370 1070 416 ἐοικώς,

97 439 281 490 Νέστορι,
307 438 374 478 τόν
399 438 448 489 ῥα
471 437 649 489 μάλιστα
673 438 870 489 γερόντων
894 435 948 477 τῖ’
974 436 1246 488 Ἀγαμέμνων·

96 510 146 561 τῷ
170 522 236 557 μιν
263 503 492 555 ἐεισάμενος
515 503 773 556 προσεφώνεε
798 506 900 544 θεῖος
919 502 1113 555 ”Ονειρος·

99 575 125 591 “
140 573 270 617 εὕδεις,
298 569 459 623 Ἀτρέος
483 572 541 611 υἱὲ
566 569 777 623 δαΐφρονος
803 569 1050 620 ἱπποδάμοιο·

96 638 140 679 οὐ
163 637 237 691 χρὴ
263 637 479 690 παννύχιον
504 638 628 678 εὕδειν
653 637 910 689 βουληφόρον
934 635 1067 688 ἄνδρα,

99 704 126 760 ᾧ
151 705 244 744 λαοί
265 703 296 744 τ’
323 703 627 756 ἐπιτετράφαται
653 703 714 743 καὶ
738 703 869 742 τόσσα
892 702 1056 753 μέμηλε·

99 774 164 812 νῦν
190 770 221 810 δ’
246 769 384 821 ἐμέθεν
410 768 521 820 ξύνες
546 768 638 810 ὦκα·
679 768 775 811 Διὸς
800 769 843 809 δέ
866 786 926 809 τοι
949 768 1121 821 ἄγγελός
1147 769 1236 819 εἰμι,

99 837 141 879 ὃς
165 840 235 878 σεῦ
258 836 419 877 ἄνευθεν
445 837 518 877 ἐὼν
542 836 644 888 μέγα
669 834 826 886 κήδεται
850 835 908 885 ἠδ’
934 836 1115 887 ἐλεαίρει.

99 901 270 955 θωρῆξαί
293 903 331 942 σ’
357 903 542 944 ἐκέλευσε
567 902 662 954 κάρη
690 903 911 953 κομόωντας
935 901 1120 954 Ἀχαιοὺς

99 970 305 1026 πανσυδίῃ·
344 973 412 1010 νῦν
436 969 511 1021 γάρ
538 986 602 1010 κεν
628 970 733 1011 ἕλοις
757 970 874 1009 πόλιν
900 968 1129 1019 εὐρυάγυιαν

98 1036 257 1088 Τρώων·
295 1035 338 1076 οὐ
362 1038 437 1088 γὰρ
463 1035 515 1075 ἔτ’
541 1035 664 1087 ἀμφὶς
688 1035 890 1085 Ὀλύμπια
914 1033 1057 1085 δώματ’
1083 1034 1242 1086 ἔχοντες

101 1101 286 1143 ἀθάνατοι
311 1101 538 1154 φράζονται·
576 1101 832 1153 ἐπέγναμψεν
857 1102 930 1152 γὰρ
956 1100 1131 1143 ἅπαντας

93 1167 202 1221 “Hpq
226 1168 460 1219 λισσομένη,
489 1168 674 1219 Τρώεσσι
699 1169 740 1207 δὲ
767 1166 867 1217 κήδε’
894 1169 1066 1218 ἐφῆπται

102 1236 144 1275 ἐκ
170 1236 277 1276 Διός·
316 1236 421 1275 ἀλλὰ
447 1234 496 1274 σὺ
524 1240 645 1291 σῇσιν
671 1233 739 1286 ἔχε
764 1234 898 1285 φρεσί,
925 1232 1023 1284 μηδέ
1048 1249 1094 1273 σε
1118 1231 1219 1282 λήθη

103 1302 267 1354 αἱρείτω,
295 1301 370 1342 εὖτ’
396 1300 442 1341 ἄν
468 1318 515 1341 σε
539 1301 744 1353 μελίφρων
769 1301 889 1342 ὕπνος
914 1298 1050 1355 ἀνήῃ.”

163 1366 242 1410 ΔΩς
267 1367 341 1420 ἄρα
365 1366 556 1420 φωνήσας
580 1366 821 1418 ἀπεβήσετο,
847 1365 915 1406 τὸν
942 1365 973 1406 δ’
1001 1364 1103 1406 ἕλιπ’
1129 1364 1244 1405 αὐτοῦ

104 1435 151 1474 τὰ
177 1433 380 1486 φρονέοντ’
407 1435 481 1475 ἀνὰ
506 1433 626 1484 θυμὸν
651 1433 674 1473 ἅ
698 1433 736 1485 ῥ’
763 1433 806 1472 οὐ
830 1432 1038 1473 τελέεσθαι
1065 1433 1247 1482 ἔμελλον·

104 1503 160 1553 φῆ
185 1502 259 1553 γὰρ
283 1501 305 1540 ὅ
328 1500 364 1552 γ’
390 1499 568 1552 αἱρήσειν
594 1499 775 1552 Πριάμου
799 1500 916 1539 πόλιν
940 1498 1056 1549 ἤματι
1083 1499 1208 1552 κείνῳ,

105 1566 252 1617 νήπιος,
279 1567 366 1607 οὐδὲ
390 1569 437 1606 τὰ
460 1566 532 1622 ᾔδη
559 1566 583 1606 ἅ
606 1567 654 1618 ῥα
681 1566 778 1607 Ζεὺς
801 1565 944 1616 μήδετο
969 1565 1076 1617 ἔργα·

106 1632 242 1684 θήσειν
267 1635 343 1686 γὰρ
368 1633 420 1674 ἔτ’
448 1633 614 1683 ἔμελλεν
640 1632 700 1672 ἐπ’
725 1631 850 1683 ἄλγεά
875 1649 915 1672 τε
941 1630 1141 1683 στοναχάς
1165 1647 1207 1670 τε

105 1700 244 1751 Τρωσί
266 1717 307 1740 τε
333 1701 394 1740 καὶ
422 1703 618 1740 Δαναοῖσι
643 1700 705 1738 διὰ
731 1700 915 1750 κρατερᾶς
938 1698 1118 1748 ὑσμίνας.

107 1765 240 1818 ἔγρετο
265 1766 297 1806 δ’
323 1765 369 1816 ἐξ
389 1767 522 1812 ὕπνου,
550 1766 634 1815 θείη
655 1765 696 1805 δέ
719 1782 784 1816 μιν
810 1764 1004 1817 ἀμφέχυτ’
1031 1762 1153 1816 ὀμφή·

109 1833 212 1882 ἕζετο
238 1832 269 1873 δ’
295 1833 490 1884 ὀρθωθείς,
517 1832 695 1883 μαλακὸν
720 1831 752 1871 δ’
779 1831 908 1871 ἔνδυνε
933 1834 1093 1884 χιτῶνα,

110 1899 229 1939 καλὸν
253 1899 456 1951 νηγάτεον,
483 1899 570 1950 περὶ
596 1900 636 1938 δὲ
661 1898 763 1949 μέγα
787 1897 964 1948 βάλλετο
990 1900 1126 1949 φᾶρος·

109 1966 233 2006 ποσσὶ
257 1965 289 2005 δ’
313 1966 387 2006 ὑπὸ
411 1968 637 2017 λιπαροῖσιν
663 1963 833 2014 ἐδήσατο
860 1965 959 2004 καλὰ
985 1963 1138 2009 πέδιλα,

112 2032 210 2083 ἀμφὶ
235 2031 266 2071 δ’
292 2031 351 2083 ἄρ’
376 2032 540 2082 ὤμοισιν
565 2030 715 2082 βάλετο
740 2030 857 2083 ξίφος
882 2031 1140 2082 ἀργυρόηλον·

112 2098 238 2138 εἵλετο
264 2100 304 2139 δὲ
330 2101 530 2150 σκῆπτρον
554 2098 763 2149 πατρώϊον,
792 2097 959 2149 ἄφθιτον
984 2098 1073 2136 αἰεί·

114 2163 186 2204 σὺν
209 2168 261 2219 τῷ
287 2165 362 2215 ἔβη
388 2166 483 2204 κατὰ
509 2167 604 2214 νῆας
627 2163 801 2216 Ἀχαιῶν
826 2163 1149 2215 χαλκοχιτώνων.

179 2230 284 2272 Ἠὼς
307 2230 379 2281 μέν
401 2232 450 2282 ῥα
475 2232 544 2270 θεὰ
568 2229 848 2282 προσεβήσετο
873 2229 1021 2280 μακρὸν
1042 2227 1262 2278 Ὄλυμπον,

158 2340 198 2360 22
222 2329 316 2369 θεῖος]
339 2328 432 2360 οὖλος
448 2326 549 2364 bgA
565 2336 608 2357 ss.
628 2325 669 2357 al.
866 2333 903 2361 27
929 2322 997 2353 ath.
1019 2321 1073 2351 hic
1090 2320 1147 2351 Ar.
1170 2322 1253 2361 (ΞΩ
1273 2318 1345 2358 174)

1372 384 1412 407 20

1376 714 1414 745 25

1380 1045 1420 1076 30

1383 1377 1419 1408 35

1384 1710 1424 1740 40

1389 2040 1426 2070 45

115 2374 157 2410 36
180 2372 317 2412 ἔμελλον
333 2371 390 2403 ΑΓ,
408 2382 430 2408 q
447 2370 539 2401 Eust.
554 2381 560 2401 :
588 2370 726 2409 ἔμελλεν
743 2368 837 2408 Ζεη.,
851 2366 948 2397 codd.
965 2370 1026 2396 cet.
1205 2374 1248 2401 40
1272 2361 1336 2401 διὰ]
1355 2363 1434 2393 κατὰ.

117 2415 165 2446 Ve
181 2429 231 2457 γρ.
251 2414 327 2445 Bm⁵
435 2423 477 2453 43
501 2412 550 2454 δὲ]
569 2415 595 2445 δ’
613 2412 650 2444 αὖ
666 2416 716 2443 1ι1
729 2411 773 2442 Ul
788 2412 828 2441 al.
