1670 2828
714 113 1128 156 PRAEFATIO

247 226 406 279 sitaque
448 240 588 279 neque
634 235 888 268 accentuum
930 226 1003 281 (de
1046 227 1203 280 quibus
1243 228 1442 269 adeunda
1481 235 1583 270 sunt

257 302 453 336 veterum
486 297 871 348 grammaticorum
905 297 1153 350 praecepta)
1187 310 1265 337 nec
1295 298 1472 351 spiritus
1500 310 1582 338 nec

257 363 567 404 vocabulorum
590 365 813 404 divisionis
835 377 974 417 neque
996 365 1351 418 interpunctionis
1373 367 1585 407 rationem

258 431 500 472 habuimus.
583 432 736 473 Crases
777 433 927 485 quales
967 441 1066 474 sunt
1108 433 1298 483 κάκεῖνος,
1341 435 1492 475 κάκεῖθι
1532 449 1588 476 ne

259 501 508 541 iubentibus
536 501 713 554 quidem
741 501 858 541 libris
887 502 1151 551 admisimus,
1177 516 1276 542 cum
1306 503 1589 544 Aristarchus

261 567 324 609 καὶ
348 571 489 618 κεῖνος,
513 568 576 608 καὶ
599 572 698 610 κεῖθι
719 571 962 611 servaverit.
1017 570 1090 611 Sic
1114 572 1165 625 τῷ
1191 571 1268 625 ἐμῷ
1290 571 1382 611 sim.
1408 569 1512 626 (non
1533 572 1591 625 τῷ

259 635 348 692 ’μῲ’)
366 637 615 691 scripsimus
635 651 643 687 3
674 639 871 690 quamvis
889 640 943 679 de
965 639 1030 679 his
1057 639 1205 680 formis
1227 640 1418 680 dubitari
1441 639 1589 693 possit.

261 705 330 745 De
362 706 450 746 iota
483 706 737 758 subscripto,
773 707 815 746 in
852 707 1008 747 nostris
1043 707 1162 748 libris
1192 707 1312 748 nulla
1348 709 1591 750 constantia

260 774 414 827 posito,
430 775 646 824 ,librorum
672 776 918 816 testimonia
947 775 1051 816 nihil
1079 789 1188 828 opus
1213 782 1306 816 erat
1331 777 1590 818 exscribere.

262 843 386 884 Idem
422 843 679 897 plerumque
720 845 773 886 de
810 845 1055 896 augmentis
1095 845 1324 885 verborum
1366 844 1492 896 valet,
1534 847 1589 887 de

261 913 417 965 quibus
439 913 524 953 iarn
549 912 948 954 Alexandrinorum
972 921 1125 963 aetate,
1152 921 1200 954 ut
1222 928 1279 954 ex
1299 913 1592 955 Aristarcheis

262 981 480 1032 discimus,
523 983 813 1023 controversia
854 989 959 1023 erat.
1039 981 1086 1023 Si
1128 990 1275 1023 autem
1316 982 1400 1022 illis
1440 996 1508 1024 res
1548 984 1591 1023 in

263 1051 398 1100 dubio
438 1051 594 1098 stabat,
636 1051 752 1091 haud
807 1051 1036 1092 verisimile
1076 1052 1156 1091 erit
1207 1051 1368 1092 scribas
1418 1057 1591 1093 nostros

264 1119 416 1159 melius
449 1119 627 1160 edoctos
659 1133 760 1160 esse.
824 1120 916 1160 Nee
946 1121 1086 1160 minor
1110 1128 1175 1160 est
1207 1121 1249 1160 in
1274 1119 1479 1160 omnibus
1506 1120 1594 1162 fere
1634 1141 1639 1145 -

262 1187 495 1227 verborum
531 1188 802 1241 temporibus
839 1189 1067 1241 modisque
1098 1189 1325 1230 dubitatio.
1396 1188 1444 1231 Si
1476 1190 1592 1230 enim

264 1256 392 1296 binae
415 1264 535 1296 erant
557 1256 734 1307 formae,
755 1257 875 1297 velut
898 1257 1047 1307 ἔπεμπε
1070 1265 1114 1297 et
1135 1257 1310 1309 ἔπεμψε,
1329 1258 1531 1308 βασίλευε
1550 1264 1594 1298 et

263 1326 503 1373 ,duo-Oleros,
527 1324 722 1375 ἐξενάριξε
745 1332 788 1366 et
811 1324 1023 1377 ἐξενάριξε,
1041 1325 1267 1376 πολεμίζων
1287 1334 1331 1367 et
1354 1324 1594 1377 πολεμίξων,

265 1393 492 1444 πεπίθωμεν
523 1402 565 1434 et
603 1394 849 1444 πεπίθοιμεν,
882 1394 1030 1445 κάμητε
1062 1402 1105 1434 et
1139 1393 1312 1445 κάμοιτε,
1341 1394 1520 1449 μάχηται
1549 1402 1594 1436 et

263 1460 442 1514 μάχοιτο,
481 1460 635 1516 ὀλέσσῃ
673 1472 714 1502 et
751 1462 935 1510 ὀλέσσαι,
970 1461 1130 1511 νοήσεις
1166 1470 1209 1503 et
1250 1463 1411 1518 νοήσῃς,
1445 1464 1595 1516 ὀτρύνω

265 1539 308 1570 et
343 1529 524 1581 ὀτρυνέω,
563 1532 712 1582 ἀνωγει·
747 1538 789 1571 et
827 1531 1226 1584 511¹&yet‚—quarum
1259 1531 1506 1573 discrimina
1542 1545 1597 1573 ne
1659 1544 1661 1546 ’

266 1599 432 1651 antiqui
451 1599 627 1651 quidem
644 1599 846 1652 rhapsodi
871 1600 949 1640 rite
965 1599 1357 1648 callebant,—nihil
1378 1600 1597 1642 habebant

268 1667 469 1708 Graeculi
503 1668 756 1720 Byzantinis
787 1668 1057 1720 temporibus
1088 1668 1178 1709 nati
1211 1681 1296 1721 quo
1327 1682 1418 1709 rem
1450 1669 1597 1710 decer-

267 1743 429 1776 nerent.
506 1736 763 1776 Formarum
805 1750 951 1776 earum
999 1736 1066 1777 vel
1109 1737 1322 1778 difficilior
1362 1744 1428 1778 est
1471 1738 1598 1789 ratio,

267 1817 451 1857 quarum
474 1805 609 1844 altera
636 1805 807 1857 linguae
836 1813 928 1845 erat
960 1805 1221 1846 Homericae
1249 1806 1436 1860 propria,
1457 1806 1597 1848 altera
1642 1822 1670 1858 ’ξ

267 1873 430 1913 Atticis
451 1872 723 1926 frequentata
743 1889 750 1912 :
786 1883 832 1913 ut
855 1880 953 1913 sunt
979 1873 1149 1924 ἐθέλωμι
1171 1881 1214 1914 et
1238 1873 1424 1926 ἐθέλοιμι,
1447 1875 1598 1928 τύχωμι

269 1950 311 1983 et
345 1942 513 1994 τύχοιμι,
549 1940 643 1996 θήῃς
680 1948 723 1982 et
761 1943 882 1992 θείης,
920 1941 1067 1996 δαμήῃς
1104 1950 1145 1982 et
1181 1943 1356 1993 δαμείης,
1388 1944 1520 1993 ἴμεναι
1555 1949 1598 1984 et

270 2009 383 2059 ἱέναι,
405 2010 668 2060 πολεμιζέμεν
693 2018 735 2050 et
767 2010 1008 2060 πολεμίζειν,
1033 2011 1200 2062 ἐλθέμεν
1221 2020 1266 2052 et
1293 2012 1437 2053 ἐλθεῖν.
1499 2012 1596 2052 Nec

271 2078 411 2131 magis
427 2077 551 2118 facile
569 2087 659 2118 erat
679 2079 789 2119 inter
807 2079 941 2120 ἔειπας
957 2086 1001 2119 et
1019 2079 1160 2130 ἔειπες,
1175 2080 1343 2132 ἔτραπον
1359 2087 1403 2120 et
1421 2081 1598 2132 ἔτρεπον,

270 2146 460 2196 ὑπήνεικα
477 2155 521 2188 et
539 2146 739 2199 ὑπήνεγκα
754 2147 1006 2188 electionem
1030 2147 1179 2188 facere.
1235 2149 1285 2189 In
1309 2149 1598 2191 declinatione

271 2216 497 2256 nominum
523 2215 676 2256 eadem
702 2214 791 2256 fere
823 2224 885 2256 est
918 2217 1030 2257 ratio
1059 2217 1171 2257 inter
1193 2216 1396 2269 στήθεσφι
1425 2225 1468 2258 et
1502 2216 1598 2267 στή-

273 2287 403 2333 θεσσι,
426 2284 587 2334 Πηλέος
614 2291 657 2324 et
686 2284 869 2333 Πηλέως,
894 2284 1079 2340 παλάμῃς
1109 2295 1151 2325 et
1179 2285 1392 2336 παλάμαις.
1452 2285 1597 2326 Voca-

272 2352 374 2394 bula
389 2353 545 2406 quibus
562 2353 678 2392 idem
696 2352 762 2392 vel
781 2353 920 2393 simile
934 2352 1199 2406 significatur
1214 2354 1419 2395 confundi
1437 2354 1598 2395 solent:

909 2432 968 2454 xu·

1620 0 1670 868 '1

1656 871 1670 1060 ι

1657 1062 1670 1555 3

1659 1555 1670 1821 l
