<?xml version="1.0" encoding="UTF-8"?>
<!DOCTYPE html PUBLIC "-//W3C//DTD XHTML 1.0 Transitional//EN"
    "http://www.w3.org/TR/xhtml1/DTD/xhtml1-transitional.dtd">
<html xmlns="http://www.w3.org/1999/xhtml" xml:lang="en" lang="en">
 <head>
  <title>
</title>
<meta http-equiv="Content-Type" content="text/html;charset=utf-8" />
  <meta name='ocr-system' content='tesseract 3.04.00' />
  <meta name='ocr-capabilities' content='ocr_page ocr_carea ocr_par ocr_line ocrx_word'/>
</head>
<body>
  <div class='ocr_page' id='page_1' title='image "./operarecognoveru01homeuoft_0254.png"; bbox 0 0 1660 2802; ppageno 0'>
   <div class='ocr_carea' id='block_1_1' title="bbox 622 118 1101 162">
    <p class='ocr_par' dir='ltr' id='par_1_1' title="bbox 622 118 1101 162">
     <span class='ocr_line' id='line_1_1' title="bbox 622 118 1101 162; baseline -0.013 0"><span class='ocrx_word' id='word_1_1' title='bbox 622 127 681 162; x_wconf 91' lang='lat'>10.</span> <span class='ocrx_word' id='word_1_2' title='bbox 755 119 1019 157; x_wconf 68' lang='grc' dir='ltr'>ΙᾹΙΑΔΟΣ</span> <span class='ocrx_word' id='word_1_3' title='bbox 1065 118 1101 156; x_wconf 89' lang='grc' dir='ltr'>Κ</span> 
     </span>
    </p>
   </div>
   <div class='ocr_carea' id='block_1_2' title="bbox 196 222 1525 2139">
    <p class='ocr_par' dir='ltr' id='par_1_2' title="bbox 196 222 1525 2139">
     <span class='ocr_line' id='line_1_2' title="bbox 196 222 1278 279; baseline -0.005 -12"><span class='ocrx_word' id='word_1_4' title='bbox 196 227 317 279; x_wconf 85' lang='grc' dir='ltr'>φθαίη</span> <span class='ocrx_word' id='word_1_5' title='bbox 344 224 605 276; x_wconf 68' lang='grc' dir='ltr'>ἐπευξάμενος</span> <span class='ocrx_word' id='word_1_6' title='bbox 629 223 807 274; x_wconf 78' lang='grc' dir='ltr'>βαλέειν,</span> <span class='ocrx_word' id='word_1_7' title='bbox 838 224 858 262; x_wconf 90' lang='grc' dir='ltr'>ὁ</span> <span class='ocrx_word' id='word_1_8' title='bbox 885 224 926 263; x_wconf 82' lang='grc' dir='ltr'>δὲ</span> <span class='ocrx_word' id='word_1_9' title='bbox 951 222 1129 274; x_wconf 84' lang='grc' dir='ltr'>δεύτερος</span> <span class='ocrx_word' id='word_1_10' title='bbox 1154 222 1278 262; x_wconf 84' lang='grc' dir='ltr'>ἔλθοι.</span> 
     </span>
     <span class='ocr_line' id='line_1_3' title="bbox 196 287 1252 344; baseline -0.003 -11"><span class='ocrx_word' id='word_1_11' title='bbox 196 292 301 344; x_wconf 85' lang='grc' dir='ltr'>δουρὶ</span> <span class='ocrx_word' id='word_1_12' title='bbox 327 291 360 332; x_wconf 84' lang='grc' dir='ltr'>δ’</span> <span class='ocrx_word' id='word_1_13' title='bbox 388 291 593 332; x_wconf 78' lang='grc' dir='ltr'>ἐπαΐσσων</span> <span class='ocrx_word' id='word_1_14' title='bbox 619 289 802 343; x_wconf 85' lang='grc' dir='ltr'>προσέφη</span> <span class='ocrx_word' id='word_1_15' title='bbox 830 289 1014 342; x_wconf 84' lang='grc' dir='ltr'>κρατερὸς</span> <span class='ocrx_word' id='word_1_16' title='bbox 1040 287 1252 340; x_wconf 79' lang='grc' dir='ltr'>Διομήδης·</span> 
     </span>
     <span class='ocr_line' id='line_1_4' title="bbox 198 354 1516 410; baseline -0.002 -11"><span class='ocrx_word' id='word_1_17' title='bbox 198 359 283 408; x_wconf 81' lang='grc' dir='ltr'>“ἠὲ</span> <span class='ocrx_word' id='word_1_18' title='bbox 307 358 405 409; x_wconf 78' lang='grc' dir='ltr'>μέν’,</span> <span class='ocrx_word' id='word_1_19' title='bbox 432 357 477 408; x_wconf 86' lang='grc' dir='ltr'>ἠέ</span> <span class='ocrx_word' id='word_1_20' title='bbox 503 375 548 399; x_wconf 89' lang='grc' dir='ltr'>σε</span> <span class='ocrx_word' id='word_1_21' title='bbox 574 358 680 409; x_wconf 81' lang='grc' dir='ltr'>δουρὶ</span> <span class='ocrx_word' id='word_1_22' title='bbox 708 355 934 410; x_wconf 82' lang='grc' dir='ltr'>κιχήσομαι,</span> <span class='ocrx_word' id='word_1_23' title='bbox 963 354 1050 396; x_wconf 79' lang='grc' dir='ltr'>οὐδέ</span> <span class='ocrx_word' id='word_1_24' title='bbox 1077 355 1125 396; x_wconf 89' lang='grc' dir='ltr'>σέ</span> <span class='ocrx_word' id='word_1_25' title='bbox 1149 360 1250 407; x_wconf 88' lang='grc' dir='ltr'>φημι</span> <span class='ocrx_word' id='word_1_26' title='bbox 1453 364 1516 397; x_wconf 82' lang='lat'>370</span> 
     </span>
     <span class='ocr_line' id='line_1_5' title="bbox 197 420 1245 477; baseline -0.005 -11"><span class='ocrx_word' id='word_1_27' title='bbox 197 424 312 477; x_wconf 85' lang='grc' dir='ltr'>δηρὸν</span> <span class='ocrx_word' id='word_1_28' title='bbox 338 426 431 475; x_wconf 83' lang='grc' dir='ltr'>ἐμῆς</span> <span class='ocrx_word' id='word_1_29' title='bbox 455 424 533 465; x_wconf 83' lang='grc' dir='ltr'>ἀπὸ</span> <span class='ocrx_word' id='word_1_30' title='bbox 557 423 688 477; x_wconf 81' lang='grc' dir='ltr'>χειρὸς</span> <span class='ocrx_word' id='word_1_31' title='bbox 715 421 874 474; x_wconf 81' lang='grc' dir='ltr'>ἀλύξειν</span> <span class='ocrx_word' id='word_1_32' title='bbox 900 422 1016 463; x_wconf 81' lang='grc' dir='ltr'>αἰπὺν</span> <span class='ocrx_word' id='word_1_33' title='bbox 1042 420 1245 473; x_wconf 87' lang='grc' dir='ltr'>ὄλεθρον.”</span> 
     </span>
     <span class='ocr_line' id='line_1_6' title="bbox 256 486 1402 543; baseline -0.001 -13"><span class='ocrx_word' id='word_1_34' title='bbox 256 490 313 530; x_wconf 65' lang='grc' dir='ltr'>ἿΙ</span> <span class='ocrx_word' id='word_1_35' title='bbox 339 492 399 542; x_wconf 85' lang='grc' dir='ltr'>ῥα,</span> <span class='ocrx_word' id='word_1_36' title='bbox 430 492 491 531; x_wconf 86' lang='grc' dir='ltr'>καὶ</span> <span class='ocrx_word' id='word_1_37' title='bbox 517 490 634 543; x_wconf 81' lang='grc' dir='ltr'>ἔγχος</span> <span class='ocrx_word' id='word_1_38' title='bbox 660 491 825 541; x_wconf 82' lang='grc' dir='ltr'>ἀφῆκεν,</span> <span class='ocrx_word' id='word_1_39' title='bbox 853 490 951 530; x_wconf 84' lang='grc' dir='ltr'>ἑκὼν</span> <span class='ocrx_word' id='word_1_40' title='bbox 979 488 1011 529; x_wconf 84' lang='grc' dir='ltr'>δ’</span> <span class='ocrx_word' id='word_1_41' title='bbox 1035 487 1233 540; x_wconf 86' lang='grc' dir='ltr'>ἡμάρτανε</span> <span class='ocrx_word' id='word_1_42' title='bbox 1257 486 1402 541; x_wconf 85' lang='grc' dir='ltr'>φωτός·</span> 
     </span>
     <span class='ocr_line' id='line_1_7' title="bbox 197 554 1153 610; baseline -0.004 -12"><span class='ocrx_word' id='word_1_43' title='bbox 197 557 392 610; x_wconf 80' lang='grc' dir='ltr'>δεξιτερὸν</span> <span class='ocrx_word' id='word_1_44' title='bbox 417 557 449 597; x_wconf 82' lang='grc' dir='ltr'>δ’</span> <span class='ocrx_word' id='word_1_45' title='bbox 474 558 572 609; x_wconf 80' lang='grc' dir='ltr'>ὑπὲρ</span> <span class='ocrx_word' id='word_1_46' title='bbox 596 555 702 607; x_wconf 72' lang='grc' dir='ltr'>ὦμον</span> <span class='ocrx_word' id='word_1_47' title='bbox 728 555 838 606; x_wconf 80' lang='grc' dir='ltr'>ἐΰξου</span> <span class='ocrx_word' id='word_1_48' title='bbox 864 555 998 608; x_wconf 87' lang='grc' dir='ltr'>δουρὸς</span> <span class='ocrx_word' id='word_1_49' title='bbox 1024 554 1153 605; x_wconf 78' lang='grc' dir='ltr'>ἀκωκὴ</span> 
     </span>
     <span class='ocr_line' id='line_1_8' title="bbox 197 621 1143 680; baseline -0.003 -15"><span class='ocrx_word' id='word_1_50' title='bbox 197 625 238 665; x_wconf 85' lang='grc' dir='ltr'>ἐν</span> <span class='ocrx_word' id='word_1_51' title='bbox 264 625 355 680; x_wconf 82' lang='grc' dir='ltr'>γαίῃ</span> <span class='ocrx_word' id='word_1_52' title='bbox 382 623 520 676; x_wconf 86' lang='grc' dir='ltr'>ἐπάγη·</span> <span class='ocrx_word' id='word_1_53' title='bbox 560 624 580 662; x_wconf 91' lang='grc' dir='ltr'>ὁ</span> <span class='ocrx_word' id='word_1_54' title='bbox 606 622 637 662; x_wconf 80' lang='grc' dir='ltr'>δ’</span> <span class='ocrx_word' id='word_1_55' title='bbox 663 622 722 674; x_wconf 83' lang='grc' dir='ltr'>ἄρ’</span> <span class='ocrx_word' id='word_1_56' title='bbox 749 623 845 673; x_wconf 81' lang='grc' dir='ltr'>ἔστη</span> <span class='ocrx_word' id='word_1_57' title='bbox 871 621 1076 674; x_wconf 81' lang='grc' dir='ltr'>τάρβησέν</span> <span class='ocrx_word' id='word_1_58' title='bbox 1100 638 1143 662; x_wconf 91' lang='grc' dir='ltr'>τε</span> 
     </span>
     <span class='ocr_line' id='line_1_9' title="bbox 197 687 1519 741; baseline -0.001 -10"><span class='ocrx_word' id='word_1_59' title='bbox 197 689 646 741; x_wconf 71' lang='grc' dir='ltr'>βαμβαίνων-ἄραβος</span> <span class='ocrx_word' id='word_1_60' title='bbox 672 691 713 729; x_wconf 80' lang='grc' dir='ltr'>δὲ</span> <span class='ocrx_word' id='word_1_61' title='bbox 739 691 802 729; x_wconf 80' lang='grc' dir='ltr'>διὰ</span> <span class='ocrx_word' id='word_1_62' title='bbox 828 689 957 740; x_wconf 84' lang='grc' dir='ltr'>στόμα</span> <span class='ocrx_word' id='word_1_63' title='bbox 982 687 1128 740; x_wconf 79' lang='grc' dir='ltr'>γίγνετ’</span> <span class='ocrx_word' id='word_1_64' title='bbox 1154 687 1383 728; x_wconf 67' lang='grc' dir='ltr'>ὀδόντων-</span> <span class='ocrx_word' id='word_1_65' title='bbox 1458 696 1519 730; x_wconf 82' lang='grc'>375</span> 
     </span>
     <span class='ocr_line' id='line_1_10' title="bbox 197 753 1275 810; baseline -0.004 -12"><span class='ocrx_word' id='word_1_66' title='bbox 197 756 352 810; x_wconf 83' lang='grc' dir='ltr'>χλωρὸς</span> <span class='ocrx_word' id='word_1_67' title='bbox 376 758 469 797; x_wconf 88' lang='grc' dir='ltr'>ὑπαὶ</span> <span class='ocrx_word' id='word_1_68' title='bbox 495 758 632 797; x_wconf 86' lang='grc' dir='ltr'>δείους·</span> <span class='ocrx_word' id='word_1_69' title='bbox 671 756 724 795; x_wconf 83' lang='grc' dir='ltr'>τὼ</span> <span class='ocrx_word' id='word_1_70' title='bbox 750 755 782 796; x_wconf 84' lang='grc' dir='ltr'>δ’</span> <span class='ocrx_word' id='word_1_71' title='bbox 810 756 1074 806; x_wconf 83' lang='grc' dir='ltr'>ἀσθμαίνοντε</span> <span class='ocrx_word' id='word_1_72' title='bbox 1100 753 1275 808; x_wconf 85' lang='grc' dir='ltr'>κιχήτην,</span> 
     </span>
     <span class='ocr_line' id='line_1_11' title="bbox 197 822 1221 876; baseline -0.003 -12"><span class='ocrx_word' id='word_1_73' title='bbox 197 828 339 876; x_wconf 80' lang='grc' dir='ltr'>χειρῶν</span> <span class='ocrx_word' id='word_1_74' title='bbox 365 823 397 863; x_wconf 86' lang='grc' dir='ltr'>δ’</span> <span class='ocrx_word' id='word_1_75' title='bbox 423 823 626 875; x_wconf 79' lang='grc' dir='ltr'>ἁψάσθην·</span> <span class='ocrx_word' id='word_1_76' title='bbox 665 823 685 862; x_wconf 86' lang='grc' dir='ltr'><em>ὁ</em></span> <span class='ocrx_word' id='word_1_77' title='bbox 706 824 747 863; x_wconf 82' lang='grc' dir='ltr'>δὲ</span> <span class='ocrx_word' id='word_1_78' title='bbox 773 823 969 875; x_wconf 81' lang='grc' dir='ltr'>δακρύσας</span> <span class='ocrx_word' id='word_1_79' title='bbox 995 822 1087 863; x_wconf 83' lang='grc' dir='ltr'>ἔπος</span> <span class='ocrx_word' id='word_1_80' title='bbox 1111 822 1221 871; x_wconf 80' lang='grc' dir='ltr'>ηὔδα·</span> 
     </span>
     <span class='ocr_line' id='line_1_12' title="bbox 200 885 1374 942; baseline -0.003 -12"><span class='ocrx_word' id='word_1_81' title='bbox 200 894 224 908; x_wconf 85' lang='grc'><strong>“</strong></span> <span class='ocrx_word' id='word_1_82' title='bbox 247 890 432 942; x_wconf 76' lang='grc' dir='ltr'>ζωγρεῖτ’,</span> <span class='ocrx_word' id='word_1_83' title='bbox 459 889 579 942; x_wconf 77' lang='grc' dir='ltr'>αὐτὰρ</span> <span class='ocrx_word' id='word_1_84' title='bbox 606 890 706 941; x_wconf 84' lang='grc' dir='ltr'>ἐγὼν</span> <span class='ocrx_word' id='word_1_85' title='bbox 734 889 801 940; x_wconf 80' lang='grc' dir='ltr'>ἐμὲ</span> <span class='ocrx_word' id='word_1_86' title='bbox 825 889 1012 940; x_wconf 85' lang='grc' dir='ltr'>λύσομαι·</span> <span class='ocrx_word' id='word_1_87' title='bbox 1051 887 1137 928; x_wconf 86' lang='grc' dir='ltr'>ἔστι</span> <span class='ocrx_word' id='word_1_88' title='bbox 1163 888 1238 939; x_wconf 81' lang='grc' dir='ltr'>γὰρ</span> <span class='ocrx_word' id='word_1_89' title='bbox 1261 885 1374 927; x_wconf 83' lang='grc' dir='ltr'>ἔνδον</span> 
     </span>
     <span class='ocr_line' id='line_1_13' title="bbox 198 955 1189 1010; baseline -0.002 -13"><span class='ocrx_word' id='word_1_90' title='bbox 198 958 347 1009; x_wconf 83' lang='grc' dir='ltr'>χαλκός</span> <span class='ocrx_word' id='word_1_91' title='bbox 371 974 414 997; x_wconf 91' lang='grc' dir='ltr'>τε</span> <span class='ocrx_word' id='word_1_92' title='bbox 438 956 585 1010; x_wconf 85' lang='grc' dir='ltr'>χρυσός</span> <span class='ocrx_word' id='word_1_93' title='bbox 609 973 652 996; x_wconf 93' lang='grc' dir='ltr'>τε</span> <span class='ocrx_word' id='word_1_94' title='bbox 675 955 925 1006; x_wconf 86' lang='grc' dir='ltr'>πολύκμητός</span> <span class='ocrx_word' id='word_1_95' title='bbox 949 971 991 995; x_wconf 91' lang='grc' dir='ltr'>τε</span> <span class='ocrx_word' id='word_1_96' title='bbox 1017 955 1189 1006; x_wconf 85' lang='grc' dir='ltr'>σίδηρος,</span> 
     </span>
     <span class='ocr_line' id='line_1_14' title="bbox 199 1019 1524 1076; baseline -0.001 -14"><span class='ocrx_word' id='word_1_97' title='bbox 199 1027 274 1063; x_wconf 84' lang='grc' dir='ltr'>τῶν</span> <span class='ocrx_word' id='word_1_98' title='bbox 302 1023 333 1062; x_wconf 78' lang='grc' dir='ltr'>κ’</span> <span class='ocrx_word' id='word_1_99' title='bbox 358 1024 476 1074; x_wconf 79' lang='grc' dir='ltr'>ὔμμιν</span> <span class='ocrx_word' id='word_1_100' title='bbox 501 1024 715 1076; x_wconf 78' lang='grc' dir='ltr'>χαρίσαιτο</span> <span class='ocrx_word' id='word_1_101' title='bbox 740 1021 866 1074; x_wconf 75' lang='grc' dir='ltr'>πατὴρ</span> <span class='ocrx_word' id='word_1_102' title='bbox 894 1019 1085 1073; x_wconf 84' lang='grc' dir='ltr'>ἀπερείσι’</span> <span class='ocrx_word' id='word_1_103' title='bbox 1111 1020 1266 1064; x_wconf 84' lang='grc' dir='ltr'>ἄποινα,</span> <span class='ocrx_word' id='word_1_104' title='bbox 1464 1022 1524 1061; x_wconf 83' lang='grc'>380</span> 
     </span>
     <span class='ocr_line' id='line_1_15' title="bbox 199 1085 1256 1140; baseline -0.004 -10"><span class='ocrx_word' id='word_1_105' title='bbox 199 1091 234 1130; x_wconf 88' lang='grc' dir='ltr'>εἴ</span> <span class='ocrx_word' id='word_1_106' title='bbox 259 1107 323 1130; x_wconf 91' lang='grc' dir='ltr'>κεν</span> <span class='ocrx_word' id='word_1_107' title='bbox 349 1092 416 1140; x_wconf 81' lang='grc' dir='ltr'>ἐμὲ</span> <span class='ocrx_word' id='word_1_108' title='bbox 442 1089 539 1140; x_wconf 76' lang='grc' dir='ltr'>ζωὸν</span> <span class='ocrx_word' id='word_1_109' title='bbox 564 1088 765 1130; x_wconf 87' lang='grc' dir='ltr'>πεπύθοιτ’</span> <span class='ocrx_word' id='word_1_110' title='bbox 790 1089 855 1129; x_wconf 81' lang='grc' dir='ltr'>ἐπὶ</span> <span class='ocrx_word' id='word_1_111' title='bbox 880 1088 1018 1138; x_wconf 85' lang='grc' dir='ltr'>νηυσὶν</span> <span class='ocrx_word' id='word_1_112' title='bbox 1044 1085 1256 1140; x_wconf 79' lang='grc' dir='ltr'>Ἀχαιῶν.”</span> 
     </span>
     <span class='ocr_line' id='line_1_16' title="bbox 264 1149 1458 1206; baseline -0.003 -10"><span class='ocrx_word' id='word_1_113' title='bbox 264 1156 345 1196; x_wconf 85' lang='grc' dir='ltr'>Τὸν</span> <span class='ocrx_word' id='word_1_114' title='bbox 371 1156 402 1196; x_wconf 84' lang='grc' dir='ltr'>δ’</span> <span class='ocrx_word' id='word_1_115' title='bbox 429 1156 749 1206; x_wconf 77' lang='grc' dir='ltr'>ἀπαμειβόμενος</span> <span class='ocrx_word' id='word_1_116' title='bbox 772 1153 959 1206; x_wconf 83' lang='grc' dir='ltr'>προσέφη</span> <span class='ocrx_word' id='word_1_117' title='bbox 985 1153 1203 1204; x_wconf 84' lang='grc' dir='ltr'>πολύμητις</span> <span class='ocrx_word' id='word_1_118' title='bbox 1227 1149 1458 1193; x_wconf 83' lang='grc' dir='ltr'>Ὀδυσσεύς·</span> 
     </span>
     <span class='ocr_line' id='line_1_17' title="bbox 201 1219 1258 1275; baseline -0.005 -12"><span class='ocrx_word' id='word_1_119' title='bbox 201 1226 225 1240; x_wconf 85' lang='grc'>“</span> <span class='ocrx_word' id='word_1_120' title='bbox 245 1222 396 1275; x_wconf 85' lang='grc' dir='ltr'>θάρσει,</span> <span class='ocrx_word' id='word_1_121' title='bbox 423 1222 521 1273; x_wconf 87' lang='grc' dir='ltr'>μηδέ</span> <span class='ocrx_word' id='word_1_122' title='bbox 545 1223 585 1262; x_wconf 88' lang='grc' dir='ltr'>τί</span> <span class='ocrx_word' id='word_1_123' title='bbox 606 1238 666 1262; x_wconf 90' lang='grc' dir='ltr'>τοι</span> <span class='ocrx_word' id='word_1_124' title='bbox 692 1221 858 1262; x_wconf 86' lang='grc' dir='ltr'>θάνατος</span> <span class='ocrx_word' id='word_1_125' title='bbox 884 1221 1117 1271; x_wconf 81' lang='grc' dir='ltr'>καταθύμιος</span> <span class='ocrx_word' id='word_1_126' title='bbox 1143 1219 1258 1259; x_wconf 83' lang='grc' dir='ltr'>ἔστω.</span> 
     </span>
     <span class='ocr_line' id='line_1_18' title="bbox 200 1284 1256 1341; baseline -0.003 -12"><span class='ocrx_word' id='word_1_127' title='bbox 200 1289 290 1330; x_wconf 82' lang='grc' dir='ltr'>ἀλλ’</span> <span class='ocrx_word' id='word_1_128' title='bbox 315 1289 386 1341; x_wconf 82' lang='grc' dir='ltr'>ἄγε</span> <span class='ocrx_word' id='word_1_129' title='bbox 408 1306 475 1340; x_wconf 93' lang='grc' dir='ltr'>μοι</span> <span class='ocrx_word' id='word_1_130' title='bbox 498 1290 587 1329; x_wconf 88' lang='grc' dir='ltr'>τόδε</span> <span class='ocrx_word' id='word_1_131' title='bbox 613 1289 697 1329; x_wconf 80' lang='grc' dir='ltr'>εἰπὲ</span> <span class='ocrx_word' id='word_1_132' title='bbox 725 1288 788 1328; x_wconf 87' lang='grc' dir='ltr'>καὶ</span> <span class='ocrx_word' id='word_1_133' title='bbox 813 1286 1002 1338; x_wconf 83' lang='grc' dir='ltr'>ἀτρεκέως</span> <span class='ocrx_word' id='word_1_134' title='bbox 1028 1284 1256 1336; x_wconf 82' lang='grc' dir='ltr'>κατάλεξον·</span> 
     </span>
     <span class='ocr_line' id='line_1_19' title="bbox 199 1352 1524 1412; baseline -0.002 -17"><span class='ocrx_word' id='word_1_135' title='bbox 199 1361 252 1412; x_wconf 83' lang='grc' dir='ltr'>πῇ</span> <span class='ocrx_word' id='word_1_136' title='bbox 277 1355 322 1405; x_wconf 74' lang='grc' dir='ltr'>δὴ</span> <span class='ocrx_word' id='word_1_137' title='bbox 348 1357 470 1397; x_wconf 81' lang='grc' dir='ltr'>οὕτως</span> <span class='ocrx_word' id='word_1_138' title='bbox 494 1356 558 1395; x_wconf 86' lang='grc' dir='ltr'>ἐπὶ</span> <span class='ocrx_word' id='word_1_139' title='bbox 583 1357 678 1405; x_wconf 84' lang='grc' dir='ltr'>νῆας</span> <span class='ocrx_word' id='word_1_140' title='bbox 703 1354 781 1395; x_wconf 83' lang='grc' dir='ltr'>ἀπὸ</span> <span class='ocrx_word' id='word_1_141' title='bbox 806 1357 976 1406; x_wconf 85' lang='grc' dir='ltr'>στρατοῦ</span> <span class='ocrx_word' id='word_1_142' title='bbox 1002 1352 1136 1407; x_wconf 83' lang='grc' dir='ltr'>ἔρχεαι</span> <span class='ocrx_word' id='word_1_143' title='bbox 1163 1352 1244 1393; x_wconf 75' lang='grc' dir='ltr'>οἶος</span> <span class='ocrx_word' id='word_1_144' title='bbox 1463 1355 1524 1393; x_wconf 84' lang='lat'>385</span> 
     </span>
     <span class='ocr_line' id='line_1_20' title="bbox 201 1418 1282 1474; baseline -0.005 -11"><span class='ocrx_word' id='word_1_145' title='bbox 201 1423 319 1463; x_wconf 87' lang='grc' dir='ltr'>νύκτα</span> <span class='ocrx_word' id='word_1_146' title='bbox 344 1422 391 1462; x_wconf 82' lang='grc' dir='ltr'>δι’</span> <span class='ocrx_word' id='word_1_147' title='bbox 416 1422 621 1474; x_wconf 86' lang='grc' dir='ltr'>ὀρφναίην,</span> <span class='ocrx_word' id='word_1_148' title='bbox 649 1422 714 1462; x_wconf 82' lang='grc' dir='ltr'>ὅτε</span> <span class='ocrx_word' id='word_1_149' title='bbox 741 1420 774 1460; x_wconf 86' lang='grc' dir='ltr'>θ’</span> <span class='ocrx_word' id='word_1_150' title='bbox 801 1422 958 1461; x_wconf 84' lang='grc' dir='ltr'>εὕδουσι</span> <span class='ocrx_word' id='word_1_151' title='bbox 983 1420 1121 1471; x_wconf 80' lang='grc' dir='ltr'>βροτοὶ</span> <span class='ocrx_word' id='word_1_152' title='bbox 1146 1418 1282 1463; x_wconf 82' lang='grc' dir='ltr'>ἄλλοι;</span> 
     </span>
     <span class='ocr_line' id='line_1_21' title="bbox 200 1487 1093 1539; baseline -0.003 -10"><span class='ocrx_word' id='word_1_153' title='bbox 200 1488 223 1539; x_wconf 86' lang='grc' dir='ltr'><em>ἥ</em></span> <span class='ocrx_word' id='word_1_154' title='bbox 248 1505 334 1529; x_wconf 88' lang='grc' dir='ltr'>τινα</span> <span class='ocrx_word' id='word_1_155' title='bbox 359 1487 547 1538; x_wconf 85' lang='grc' dir='ltr'>συλήσων</span> <span class='ocrx_word' id='word_1_156' title='bbox 574 1488 720 1529; x_wconf 84' lang='grc' dir='ltr'>νεκύων</span> <span class='ocrx_word' id='word_1_157' title='bbox 749 1487 1093 1537; x_wconf 84' lang='grc' dir='ltr'>κατατεθνηώτων;</span> 
     </span>
     <span class='ocr_line' id='line_1_22' title="bbox 200 1553 1162 1606; baseline -0.002 -12"><span class='ocrx_word' id='word_1_158' title='bbox 200 1554 223 1605; x_wconf 82' lang='grc' dir='ltr'><em>ἧ</em></span> <span class='ocrx_word' id='word_1_159' title='bbox 249 1554 286 1594; x_wconf 83' lang='grc' dir='ltr'>σ’</span> <span class='ocrx_word' id='word_1_160' title='bbox 305 1554 462 1606; x_wconf 65' lang='grc' dir='ltr'>’Έκτωρ</span> <span class='ocrx_word' id='word_1_161' title='bbox 488 1554 654 1606; x_wconf 87' lang='grc' dir='ltr'>προέηκε</span> <span class='ocrx_word' id='word_1_162' title='bbox 679 1556 988 1594; x_wconf 77' lang='grc' dir='ltr'>διασκοπιᾶσθαι</span> <span class='ocrx_word' id='word_1_163' title='bbox 1013 1553 1162 1593; x_wconf 81' lang='grc' dir='ltr'>ἕκαστα</span> 
     </span>
     <span class='ocr_line' id='line_1_23' title="bbox 201 1618 1250 1674; baseline -0.004 -11"><span class='ocrx_word' id='word_1_164' title='bbox 201 1624 295 1672; x_wconf 84' lang='grc' dir='ltr'>νῆας</span> <span class='ocrx_word' id='word_1_165' title='bbox 320 1622 383 1662; x_wconf 89' lang='grc' dir='ltr'>ἔπι</span> <span class='ocrx_word' id='word_1_166' title='bbox 409 1620 635 1674; x_wconf 88' lang='grc' dir='ltr'>γλαφυράς,·</span> <span class='ocrx_word' id='word_1_167' title='bbox 674 1619 698 1670; x_wconf 82' lang='grc' dir='ltr'><em>ἦ</em></span> <span class='ocrx_word' id='word_1_168' title='bbox 723 1620 760 1660; x_wconf 82' lang='grc' dir='ltr'>σ’</span> <span class='ocrx_word' id='word_1_169' title='bbox 787 1620 905 1660; x_wconf 81' lang='grc' dir='ltr'>αὐτὸν</span> <span class='ocrx_word' id='word_1_170' title='bbox 932 1619 1049 1671; x_wconf 82' lang='grc' dir='ltr'>θυμὸς</span> <span class='ocrx_word' id='word_1_171' title='bbox 1074 1621 1210 1669; x_wconf 84' lang='grc' dir='ltr'>ἀνῆκε;</span> <span class='ocrx_word' id='word_1_172' title='bbox 1228 1618 1250 1633; x_wconf 87' lang='grc'><strong>”</strong></span> 
     </span>
     <span class='ocr_line' id='line_1_24' title="bbox 266 1685 1525 1738; baseline 0 -10"><span class='ocrx_word' id='word_1_173' title='bbox 266 1688 347 1728; x_wconf 85' lang='grc' dir='ltr'>Τὸν</span> <span class='ocrx_word' id='word_1_174' title='bbox 372 1688 404 1728; x_wconf 90' lang='grc' dir='ltr'>δ’</span> <span class='ocrx_word' id='word_1_175' title='bbox 430 1687 607 1738; x_wconf 74' lang='grc' dir='ltr'>ἠμείβετ’</span> <span class='ocrx_word' id='word_1_176' title='bbox 634 1688 768 1728; x_wconf 87' lang='grc' dir='ltr'>ἔπειτα</span> <span class='ocrx_word' id='word_1_177' title='bbox 795 1687 952 1733; x_wconf 82' lang='grc' dir='ltr'>Δόλων,</span> <span class='ocrx_word' id='word_1_178' title='bbox 979 1685 1054 1727; x_wconf 79' lang='grc' dir='ltr'>ὑπὸ</span> <span class='ocrx_word' id='word_1_179' title='bbox 1079 1686 1111 1726; x_wconf 82' lang='grc' dir='ltr'>δ’</span> <span class='ocrx_word' id='word_1_180' title='bbox 1138 1686 1272 1738; x_wconf 84' lang='grc' dir='ltr'>ἔτρεμε</span> <span class='ocrx_word' id='word_1_181' title='bbox 1298 1687 1399 1737; x_wconf 80' lang='grc' dir='ltr'>γυῖα·</span> <span class='ocrx_word' id='word_1_182' title='bbox 1463 1696 1525 1728; x_wconf 83' lang='grc'>390</span> 
     </span>
     <span class='ocr_line' id='line_1_25' title="bbox 203 1752 1274 1811; baseline -0.003 -15"><span class='ocrx_word' id='word_1_183' title='bbox 203 1758 228 1773; x_wconf 82' lang='grc'><strong>“</strong></span> <span class='ocrx_word' id='word_1_184' title='bbox 243 1756 443 1811; x_wconf 78' lang='grc' dir='ltr'>πολλῇσίν</span> <span class='ocrx_word' id='word_1_185' title='bbox 467 1754 506 1805; x_wconf 88' lang='grc' dir='ltr'>μ’</span> <span class='ocrx_word' id='word_1_186' title='bbox 532 1754 652 1810; x_wconf 81' lang='grc' dir='ltr'>ἄτῃσι</span> <span class='ocrx_word' id='word_1_187' title='bbox 676 1756 800 1806; x_wconf 81' lang='grc' dir='ltr'>παρὲκ</span> <span class='ocrx_word' id='word_1_188' title='bbox 825 1754 916 1794; x_wconf 89' lang='grc' dir='ltr'>νόον</span> <span class='ocrx_word' id='word_1_189' title='bbox 940 1753 1087 1806; x_wconf 84' lang='grc' dir='ltr'>ἤγαγεν</span> <span class='ocrx_word' id='word_1_190' title='bbox 1105 1752 1274 1803; x_wconf 66' lang='grc' dir='ltr'>“Ἐκτωρ,</span> 
     </span>
     <span class='ocr_line' id='line_1_26' title="bbox 201 1821 1134 1874; baseline 0.001 -13"><span class='ocrx_word' id='word_1_191' title='bbox 201 1823 244 1864; x_wconf 83' lang='grc' dir='ltr'>ὅς</span> <span class='ocrx_word' id='word_1_192' title='bbox 268 1839 333 1872; x_wconf 90' lang='grc' dir='ltr'>μοι</span> <span class='ocrx_word' id='word_1_193' title='bbox 360 1821 589 1871; x_wconf 76' lang='grc' dir='ltr'>Πηλεΐωνος</span> <span class='ocrx_word' id='word_1_194' title='bbox 614 1822 760 1873; x_wconf 81' lang='grc' dir='ltr'>ἀγαυοῦ</span> <span class='ocrx_word' id='word_1_195' title='bbox 785 1821 968 1874; x_wconf 85' lang='grc' dir='ltr'>μώνυχας</span> <span class='ocrx_word' id='word_1_196' title='bbox 993 1821 1134 1862; x_wconf 81' lang='grc' dir='ltr'>ἵππους</span> 
     </span>
     <span class='ocr_line' id='line_1_27' title="bbox 202 1887 1283 1940; baseline -0.002 -13"><span class='ocrx_word' id='word_1_197' title='bbox 202 1887 421 1938; x_wconf 87' lang='grc' dir='ltr'>δωσέμεναι</span> <span class='ocrx_word' id='word_1_198' title='bbox 447 1887 657 1928; x_wconf 87' lang='grc' dir='ltr'>κατένευσε</span> <span class='ocrx_word' id='word_1_199' title='bbox 686 1888 746 1928; x_wconf 83' lang='grc' dir='ltr'>καὶ</span> <span class='ocrx_word' id='word_1_200' title='bbox 772 1887 925 1939; x_wconf 79' lang='grc' dir='ltr'>ἅρματα</span> <span class='ocrx_word' id='word_1_201' title='bbox 949 1887 1109 1928; x_wconf 88' lang='grc' dir='ltr'>ποικίλα</span> <span class='ocrx_word' id='word_1_202' title='bbox 1133 1889 1283 1940; x_wconf 84' lang='grc' dir='ltr'>χαλκῷ,</span> 
     </span>
     <span class='ocr_line' id='line_1_28' title="bbox 201 1953 1176 2006; baseline -0.001 -12"><span class='ocrx_word' id='word_1_203' title='bbox 201 1954 344 2006; x_wconf 83' lang='grc' dir='ltr'>ἠνώγει</span> <span class='ocrx_word' id='word_1_204' title='bbox 369 1953 411 1994; x_wconf 89' lang='grc' dir='ltr'>δέ</span> <span class='ocrx_word' id='word_1_205' title='bbox 434 1954 472 2004; x_wconf 83' lang='grc' dir='ltr'>μ’</span> <span class='ocrx_word' id='word_1_206' title='bbox 499 1955 607 1994; x_wconf 80' lang='grc' dir='ltr'>ἰόντα</span> <span class='ocrx_word' id='word_1_207' title='bbox 633 1954 726 2004; x_wconf 78' lang='grc' dir='ltr'>θοὴν</span> <span class='ocrx_word' id='word_1_208' title='bbox 754 1956 816 1994; x_wconf 75' lang='grc' dir='ltr'>διὰ</span> <span class='ocrx_word' id='word_1_209' title='bbox 841 1954 960 1994; x_wconf 85' lang='grc' dir='ltr'>νύκτα</span> <span class='ocrx_word' id='word_1_210' title='bbox 983 1953 1176 2004; x_wconf 89' lang='grc' dir='ltr'>μέλαιναν</span> 
     </span>
     <span class='ocr_line' id='line_1_29' title="bbox 203 2019 1525 2074; baseline -0.002 -13"><span class='ocrx_word' id='word_1_211' title='bbox 203 2022 352 2072; x_wconf 82' lang='grc' dir='ltr'>ἀνδρῶν</span> <span class='ocrx_word' id='word_1_212' title='bbox 377 2020 600 2070; x_wconf 87' lang='grc' dir='ltr'>δυσμενέων</span> <span class='ocrx_word' id='word_1_213' title='bbox 626 2020 773 2074; x_wconf 82' lang='grc' dir='ltr'>σχεδὸν</span> <span class='ocrx_word' id='word_1_214' title='bbox 800 2020 976 2071; x_wconf 83' lang='grc' dir='ltr'>ἐλθέμεν,</span> <span class='ocrx_word' id='word_1_215' title='bbox 1007 2020 1048 2060; x_wconf 83' lang='grc' dir='ltr'>ἔκ</span> <span class='ocrx_word' id='word_1_216' title='bbox 1074 2037 1116 2060; x_wconf 92' lang='grc' dir='ltr'>τε</span> <span class='ocrx_word' id='word_1_217' title='bbox 1141 2019 1335 2060; x_wconf 88' lang='grc' dir='ltr'>πύθεσθαι</span> <span class='ocrx_word' id='word_1_218' title='bbox 1464 2028 1525 2061; x_wconf 83' lang='grc'>395</span> 
     </span>
     <span class='ocr_line' id='line_1_30' title="bbox 203 2086 1177 2139; baseline -0.002 -11"><span class='ocrx_word' id='word_1_219' title='bbox 203 2087 246 2137; x_wconf 81' lang='grc' dir='ltr'>ἠὲ</span> <span class='ocrx_word' id='word_1_220' title='bbox 271 2086 548 2139; x_wconf 87' lang='grc' dir='ltr'>φυλάσσονται</span> <span class='ocrx_word' id='word_1_221' title='bbox 574 2090 663 2138; x_wconf 86' lang='grc' dir='ltr'>νῆες</span> <span class='ocrx_word' id='word_1_222' title='bbox 689 2088 776 2128; x_wconf 83' lang='grc' dir='ltr'>θοαὶ</span> <span class='ocrx_word' id='word_1_223' title='bbox 802 2087 853 2128; x_wconf 84' lang='grc' dir='ltr'>ὡς</span> <span class='ocrx_word' id='word_1_224' title='bbox 877 2087 921 2127; x_wconf 86' lang='grc' dir='ltr'>τὸ</span> <span class='ocrx_word' id='word_1_225' title='bbox 946 2086 1067 2139; x_wconf 88' lang='grc' dir='ltr'>πάρος</span> <span class='ocrx_word' id='word_1_226' title='bbox 1092 2103 1177 2138; x_wconf 89' lang='grc' dir='ltr'>περ,</span> 
     </span>
    </p>
   </div>
   <div class='ocr_carea' id='block_1_3' title="bbox 200 2176 1525 2350">
    <p class='ocr_par' dir='ltr' id='par_1_3' title="bbox 242 2176 1525 2265">
     <span class='ocr_line' id='line_1_31' title="bbox 242 2176 1525 2220; baseline 0.002 -13"><span class='ocrx_word' id='word_1_227' title='bbox 242 2187 303 2216; x_wconf 85' lang='lat'>371</span> <span class='ocrx_word' id='word_1_228' title='bbox 331 2176 408 2218; x_wconf 82' lang='grc' dir='ltr'>ἀπὸ]</span> <span class='ocrx_word' id='word_1_229' title='bbox 427 2179 484 2209; x_wconf 81' lang='grc' dir='ltr'>ὑπὸ</span> <span class='ocrx_word' id='word_1_230' title='bbox 501 2177 596 2209; x_wconf 82' lang='lat' dir='ltr'>ehA</span> <span class='ocrx_word' id='word_1_231' title='bbox 614 2188 656 2209; x_wconf 84' lang='lat' dir='ltr'>ss.</span> <span class='ocrx_word' id='word_1_232' title='bbox 679 2178 705 2208; x_wconf 91' lang='lat' dir='ltr'>B</span> <span class='ocrx_word' id='word_1_233' title='bbox 717 2178 744 2210; x_wconf 92' lang='lat' dir='ltr'>C</span> <span class='ocrx_word' id='word_1_234' title='bbox 758 2177 812 2208; x_wconf 74' lang='lat' dir='ltr'>L1⁹</span> <span class='ocrx_word' id='word_1_235' title='bbox 823 2178 883 2208; x_wconf 79' lang='lat' dir='ltr'>V1⁵</span> <span class='ocrx_word' id='word_1_236' title='bbox 1037 2189 1100 2218; x_wconf 86' lang='lat'>372</span> <span class='ocrx_word' id='word_1_237' title='bbox 1126 2181 1245 2220; x_wconf 85' lang='grc' dir='ltr'>ἐφῆκεν</span> <span class='ocrx_word' id='word_1_238' title='bbox 1260 2179 1325 2210; x_wconf 79' lang='lat' dir='ltr'>nA</span> <span class='ocrx_word' id='word_1_239' title='bbox 1342 2189 1385 2210; x_wconf 84' lang='lat' dir='ltr'>ss.</span> <span class='ocrx_word' id='word_1_240' title='bbox 1405 2178 1525 2210; x_wconf 80' lang='lat' dir='ltr'>U¹U¹⁰</span> 
     </span>
     <span class='ocr_line' id='line_1_32' title="bbox 285 2220 1524 2265; baseline 0.002 -14"><span class='ocrx_word' id='word_1_241' title='bbox 285 2221 349 2260; x_wconf 82' lang='lat'>384</span> <span class='ocrx_word' id='word_1_242' title='bbox 384 2220 576 2261; x_wconf 79' lang='grc' dir='ltr'>κατάλεξον]</span> <span class='ocrx_word' id='word_1_243' title='bbox 606 2221 782 2263; x_wconf 79' lang='grc' dir='ltr'>ἀγόρευσον</span> <span class='ocrx_word' id='word_1_244' title='bbox 807 2221 902 2252; x_wconf 70' lang='lat' dir='ltr'>th‘)</span> <span class='ocrx_word' id='word_1_245' title='bbox 1069 2223 1131 2261; x_wconf 86' lang='lat'>385</span> <span class='ocrx_word' id='word_1_246' title='bbox 1167 2222 1227 2265; x_wconf 82' lang='grc' dir='ltr'>πῇ]</span> <span class='ocrx_word' id='word_1_247' title='bbox 1256 2225 1312 2254; x_wconf 83' lang='grc' dir='ltr'>ποῖ</span> <span class='ocrx_word' id='word_1_248' title='bbox 1335 2227 1350 2253; x_wconf 91' lang='grc'>1</span> <span class='ocrx_word' id='word_1_249' title='bbox 1365 2234 1372 2253; x_wconf 86' lang='lat'>:</span> <span class='ocrx_word' id='word_1_250' title='bbox 1407 2225 1466 2254; x_wconf 83' lang='grc' dir='ltr'>ποῦ</span> <span class='ocrx_word' id='word_1_251' title='bbox 1492 2222 1524 2253; x_wconf 90' lang='grc' dir='ltr'><strong>Α</strong></span> 
     </span>
    </p>

    <p class='ocr_par' dir='ltr' id='par_1_4' title="bbox 200 2263 1522 2350">
     <span class='ocr_line' id='line_1_33' title="bbox 200 2263 1522 2311; baseline 0.001 -16"><span class='ocrx_word' id='word_1_252' title='bbox 200 2274 264 2296; x_wconf 76' lang='grc'><strong>55.;</strong></span> <span class='ocrx_word' id='word_1_253' title='bbox 299 2264 387 2305; x_wconf 83' lang='grc' dir='ltr'>τίφθ’</span> <span class='ocrx_word' id='word_1_254' title='bbox 412 2264 503 2311; x_wconf 59' lang='lat' dir='ltr'>gp46</span> <span class='ocrx_word' id='word_1_255' title='bbox 514 2263 554 2293; x_wconf 83' lang='lat' dir='ltr'>V¹</span> <span class='ocrx_word' id='word_1_256' title='bbox 568 2263 627 2294; x_wconf 64' lang='lat' dir='ltr'>V³²</span> <span class='ocrx_word' id='word_1_257' title='bbox 650 2265 693 2296; x_wconf 81' lang='lat' dir='ltr'>ai.</span> <span class='ocrx_word' id='word_1_258' title='bbox 870 2266 934 2304; x_wconf 87' lang='lat'>386</span> <span class='ocrx_word' id='word_1_259' title='bbox 965 2265 1133 2307; x_wconf 81' lang='grc' dir='ltr'>ὀρφναίην]</span> <span class='ocrx_word' id='word_1_260' title='bbox 1159 2266 1337 2307; x_wconf 82' lang='grc' dir='ltr'>ἀμβροσίην</span> <span class='ocrx_word' id='word_1_261' title='bbox 1356 2264 1412 2297; x_wconf 85' lang='lat' dir='ltr'>U¹¹</span> <span class='ocrx_word' id='word_1_262' title='bbox 1429 2266 1522 2297; x_wconf 88' lang='lat' dir='ltr'><strong>Leid.</strong></span> 
     </span>
     <span class='ocr_line' id='line_1_34' title="bbox 201 2307 1522 2350; baseline 0.003 -12"><span class='ocrx_word' id='word_1_263' title='bbox 201 2318 241 2346; x_wconf 84' lang='lat'>33</span> <span class='ocrx_word' id='word_1_264' title='bbox 257 2307 289 2338; x_wconf 91' lang='lat' dir='ltr'>H</span> <span class='ocrx_word' id='word_1_265' title='bbox 405 2309 467 2347; x_wconf 83' lang='lat'>387</span> <span class='ocrx_word' id='word_1_266' title='bbox 492 2308 558 2338; x_wconf 79' lang='lat' dir='ltr'>ath.</span> <span class='ocrx_word' id='word_1_267' title='bbox 576 2307 750 2348; x_wconf 78' lang='lat' dir='ltr'>Aristoph.</span> <span class='ocrx_word' id='word_1_268' title='bbox 767 2308 827 2338; x_wconf 84' lang='lat' dir='ltr'>Ar.</span> <span class='ocrx_word' id='word_1_269' title='bbox 941 2310 1006 2349; x_wconf 86' lang='lat'>389</span> <span class='ocrx_word' id='word_1_270' title='bbox 1030 2308 1096 2350; x_wconf 85' lang='grc' dir='ltr'>ἔπι]</span> <span class='ocrx_word' id='word_1_271' title='bbox 1115 2310 1171 2341; x_wconf 81' lang='grc' dir='ltr'>ἀνὰ</span> <span class='ocrx_word' id='word_1_272' title='bbox 1187 2313 1262 2341; x_wconf 79' lang='lat' dir='ltr'>for</span> <span class='ocrx_word' id='word_1_273' title='bbox 1277 2309 1318 2341; x_wconf 83' lang='lat' dir='ltr'>al.</span> <span class='ocrx_word' id='word_1_274' title='bbox 1409 2308 1522 2350; x_wconf 86' lang='grc' dir='ltr'>ἀνῆκε]</span> 
     </span>
    </p>
   </div>
   <div class='ocr_carea' id='block_1_4' title="bbox 202 2351 889 2393">
    <p class='ocr_par' dir='ltr' id='par_1_5' title="bbox 202 2351 889 2393">
     <span class='ocr_line' id='line_1_35' title="bbox 202 2351 889 2393; baseline 0 -10"><span class='ocrx_word' id='word_1_275' title='bbox 202 2353 315 2392; x_wconf 78' lang='grc' dir='ltr'>ἀνώγει</span> <span class='ocrx_word' id='word_1_276' title='bbox 332 2355 357 2382; x_wconf 80' lang='lat' dir='ltr'>h</span> <span class='ocrx_word' id='word_1_277' title='bbox 488 2361 549 2391; x_wconf 86' lang='lat'>391</span> <span class='ocrx_word' id='word_1_278' title='bbox 576 2353 702 2393; x_wconf 79' lang='grc' dir='ltr'>ἤπαφεν</span> <span class='ocrx_word' id='word_1_279' title='bbox 717 2351 889 2392; x_wconf 80' lang='lat' dir='ltr'>Aristoph.</span> 
     </span>
    </p>
   </div>
   <div class='ocr_carea' id='block_1_5' title="bbox 1613 0 1660 2802">
    <p class='ocr_par' dir='ltr' id='par_1_6' title="bbox 1613 0 1660 2802">
     <span class='ocr_line' id='line_1_36' title="bbox 1613 0 1660 2802; baseline 0 0"><span class='ocrx_word' id='word_1_280' title='bbox 1613 0 1660 2802; x_wconf 95' lang='lat' dir='ltr'> </span> 
     </span>
    </p>
   </div>
  </div>
 </body>
</html>
