1624 2802
569 122 604 156 4.
680 116 938 154 ῙΛΙΑΔΟΣ
987 118 1022 154 Δ

143 220 311 274 Θρήϊκες
334 219 553 273 ἀκρόκομοι,
581 219 709 273 δολίχ’
735 220 856 273 ἔγχεα
878 220 1018 273 χερσὶν
1045 220 1216 273 ἔχοντες,

142 288 182 328 οἵ
202 290 219 328 ἑ
241 285 366 339 μέγαν
390 303 462 338 περ
488 287 603 326 ἐόντα
628 288 690 327 καὶ
714 287 878 338 ἴφθιμον
904 286 965 326 καὶ
990 286 1137 337 ἀγαυὸν

143 352 250 394 ὦσαν
275 352 350 394 ἀπὸ
375 354 542 405 σφείων
581 354 601 392 ὁ
627 355 668 393 δὲ
692 351 951 406 χασσάμενος
975 354 1208 405 πελεμίχθη.
1396 365 1456 395 535

142 420 192 462 ὣς
218 419 269 460 τώ
294 418 330 471 γ’
357 420 399 459 ἐν
424 419 578 474 κονίῃσι
603 418 692 470 παρ’
718 417 935 468 ἀλλήλοισι
958 418 1167 468 τετάσθην,

140 485 224 537 ἤτοι
248 486 268 524 ὁ
290 487 362 536 μὲν
388 487 568 541 Θρῃκῶν,
595 486 616 524 ὁ
640 485 672 525 δ’
699 484 866 525 Ἐπειῶν
890 485 1212 538 χαλκοχιτώνων,

140 553 337 605 ἡγεμόνες·
375 551 522 592 πολλοὶ
545 554 587 592 δὲ
611 552 697 603 περὶ
724 553 922 591 κτείνοντο
947 551 1010 591 καὶ
1035 551 1164 591 ἄλλοι.

198 617 325 659 ’Ένθα
351 635 414 659 κεν
440 616 569 658 οὐκέτι
593 618 707 670 ἔργον
731 616 830 669 ἀνὴρ
854 617 1038 657 ὀνόσαιτο
1062 617 1276 669 μετελθών,

140 686 181 727 ὅς
205 701 261 726 τις
286 683 339 724 ἔτ’
365 684 543 735 ἄβλητος
569 684 631 724 καὶ
657 684 869 726 ἀνούτατος
893 682 976 734 ὀξέϊ
999 684 1134 738 χαλκῷ
1393 697 1456 727 540

140 751 280 792 δινεύοι
305 752 400 791 κατὰ
424 749 592 802 μέσσον,
621 750 709 803 ἄγοι
735 749 776 790 δέ
803 753 820 791 ἑ
847 752 1017 792 Παλλὰς
1042 749 1188 801 Ἀθήνη

139 817 267 871 χειρὸς
291 816 436 863 ἑλοῦσ’,
463 817 582 869 αὐτὰρ
607 815 765 868 βελέων
789 817 974 869 ἀπερύκοι
1000 816 1136 869 ἐρωήν·

139 884 280 924 πολλοὶ
306 885 380 936 γὰρ
404 884 554 935 Τρώων
581 884 643 923 καὶ
669 883 844 937 Ἀχαιῶν
869 883 987 934 ἤματι
1013 885 1124 938 κείνῳ

139 948 299 1003 πρηνέες
325 951 367 990 ἐν
396 951 549 1006 κονίῃσι
574 949 663 1002 παρ’
688 949 904 1000 ἀλλήλοισι
929 948 1103 990 τέταντο.

181 1050 247 1097 542,
268 1042 376 1074 ἑλοῦσ’
398 1044 495 1084 αὐτὰρ
513 1041 764 1091 dghopp⁴A
781 1053 824 1075 SS.
842 1055 847 1074 :
874 1045 994 1076 ἑλοῦσα
1018 1045 1097 1086 ἀτὰρ
1121 1043 1247 1076 L14V12
1259 1045 1318 1076 V³²
1343 1047 1436 1079 Eust.
1453 1061 1459 1078 2

140 1086 238 1117 ἑλουσ
264 1085 344 1127 ἀτὰρ
360 1085 448 1124 vulg.
