1670 2828
648 155 681 188 2.
759 146 1013 183 [AIAAOE
1066 146 1094 181 Β

202 254 395 307 ἀγχίαλόν
421 252 452 292 τ’
478 252 677 303 Ἀντρῶνα
703 250 759 290 ἰδὲ
790 248 967 289 Πτελεὸν
995 249 1223 300 λεχεποίην,

200 325 275 360 τῶν
301 320 347 359 αὖ
373 319 657 371 Πρωτεσίλαος
683 315 816 367 ἀρήϊος
843 314 1058 366 ἡγεμόνευε

202 386 295 437 ζωὸς
321 386 406 426 ἐών·
445 386 532 425 τότε
558 384 589 423 δ’
615 383 685 433 ἤδη
714 383 805 435 ἔχεν
834 379 930 421 κάτα
956 384 1049 432 γαῖα
1077 379 1260 430 μέλαινα.

199 457 267 494 τοῦ
291 455 331 493 δὲ
357 453 420 492 καὶ
446 450 699 503 ἀμφιδρυφὴς
725 448 872 501 ἄλοχος
901 444 1066 503 Φυλάκῃ
1098 446 1308 487 ἐλέλειπτο

201 521 262 560 καὶ
288 520 404 570 δόμος
428 515 630 568 ἡμιτελής·
668 515 735 555 τὸν
761 515 792 554 δ’
822 515 959 555 ἔκτανε
987 511 1193 565 Δάρδανος
1223 511 1320 564 ἀνὴρ

199 585 290 636 νηὸς
315 582 621 638 ἀποθρῴσκοντα
647 582 748 623 πολὺ
774 581 997 633 πρώτιστον
1025 579 1214 633 Ἀχαιῶν.

199 652 286 692 οὐδὲ
311 653 381 701 μὲν
407 649 485 690 οὐδ’
512 650 547 690 οἳ
573 648 739 702 ἄναρχοι
764 649 874 693 ἕσαν,
902 646 1048 688 πόθεόν
1073 663 1120 698 γε
1145 647 1217 697 μὲν
1247 644 1384 698 ἀρχόν·

200 717 305 758 ἀλλά
331 722 461 768 σφεας
490 716 669 766 κόσμησε
698 713 918 766 Ποδάρκης,
946 713 1032 762 ὄζος
1052 711 1214 764 ”Αρηος,

199 784 377 836 Ἰφίκλου
399 782 480 825 υἱὸς
505 780 738 832 πολυμήλου
763 781 1003 825 Φυλακίδαο,

199 851 530 901 αὐτοκασίγνητος
554 848 780 901 μεγαθύμου
806 843 1092 899 Πρωτεσιλάου

199 917 412 967 ὁπλότερος
436 921 566 972 γενεῇ·
607 915 627 954 ὁ
652 913 684 955 δ’
710 913 790 965 ἅμα
815 914 1003 965 πρότερος
1029 912 1091 952 καὶ
1125 910 1266 963 ἀρείων

199 983 300 1035 ἥρως
326 983 611 1035 Πρωτεσίλαος
636 979 780 1033 ἀρήϊος·
819 979 907 1020 οὐδέ
931 996 968 1019 τι
993 979 1083 1019 λαοὶ

200 1049 349 1090 δεύονθ’
374 1049 578 1100 ἡγεμόνος,
606 1047 751 1088 πόθεόν
776 1063 823 1099 γε
847 1048 919 1096 μὲν
946 1045 1093 1086 ἐσθλὸν
1124 1044 1251 1084 ἐόντα·

200 1120 251 1170 τῷ
278 1116 309 1156 δ’
335 1115 414 1166 ἅμα
438 1112 737 1166 τεσσαράκοντα
761 1112 945 1163 μέλαιναι
969 1114 1059 1162 νῆες
1085 1111 1240 1152 ἕποντο.

267 1181 319 1222 Οἳ
343 1184 384 1222 δὲ
410 1183 539 1233 Φερὰς
566 1179 750 1230 ἐνέμοντο
777 1180 895 1231 παραὶ
924 1177 1117 1228 Βοιβηΐδα
1141 1178 1302 1227 λίμνην,

202 1250 352 1298 Βοίβην
379 1249 439 1287 καὶ
466 1247 679 1299 Γλαφύρας
706 1248 767 1286 καὶ
795 1245 1020 1295 ἐϋκτιμένην
1045 1243 1245 1286 Ἰαωλκόν,

200 1318 277 1355 τῶν
305 1313 387 1366 ἦρχ’
413 1312 624 1364 Ἀδμήτοιο
651 1314 769 1364 φίλος
795 1312 885 1353 πάϊς
912 1312 1048 1352 ἕνδεκα
1073 1313 1175 1359 νηῶν

203 1382 397 1432 Εὔμηλος,
425 1380 492 1420 τὸν
516 1379 578 1419 ὑπ’
605 1378 784 1432 Ἀδμήτῳ
810 1378 897 1418 τέκε
923 1381 985 1417 δῖα
1011 1378 1203 1428 γυναικῶν

199 1446 426 1497 Ἄλκηστις,
456 1448 607 1486 Πελίαο
634 1448 832 1497 θυγατρῶν
860 1443 961 1485 εἶδος
986 1444 1139 1495 ἀρίστη.

268 1513 320 1553 Οἳ
345 1513 377 1552 δ’
404 1512 476 1564 ἄρα
502 1512 700 1562 Μηθώνην
728 1512 790 1551 καὶ
818 1510 1049 1560 Θαυμακίην
1077 1508 1262 1559 ἐνέμοντο

203 1582 265 1620 καὶ
292 1581 520 1630 Μελίβοιαν
546 1579 638 1631 ἕχον
665 1577 727 1617 καὶ
753 1576 949 1626 Ὀλιζῶνα
974 1579 1172 1628 τρηχεῖαν,

202 1650 277 1687 τῶν
304 1648 345 1686 δὲ
370 1644 615 1695 Φιλοκτήτης
640 1643 760 1696 ἦρχεν
786 1641 911 1693 τόξων
938 1641 978 1683 ἐῢ
1005 1642 1115 1683 εἰδὼς

203 1714 301 1753 ἑπτὰ
326 1716 436 1753 νεῶν·
476 1711 602 1764 ἐρέται
628 1710 659 1750 δ’
689 1712 730 1751 ἐν
757 1709 903 1766 ἑκάστῃ
932 1707 1173 1758 πεντήκοντα

202 1778 455 1830 ἐμβέβασαν,
483 1776 608 1828 τόξων
635 1777 675 1817 εὖ
703 1777 848 1818 εἰδότες
873 1775 940 1829 ἶφι
965 1774 1179 1828 μάχεσθαι.

204 1845 294 1886 ἀλλ’
321 1846 341 1884 ὁ
365 1847 436 1896 μὲν
462 1846 503 1885 ἐν
528 1843 636 1898 νήσῳ
664 1848 766 1885 κεῖτο
794 1842 943 1896 κρατέρ’
977 1842 1103 1894 ἄλγεα
1127 1840 1312 1893 πάσχων,

205 1911 348 1966 Λήμνῳ
376 1914 416 1952 ἐν
441 1911 601 1967 ἠγαθέῃ,
630 1912 692 1951 ὅθι
717 1927 784 1962 μιν
808 1911 926 1951 λίπον
953 1910 1033 1951 υἷες
1060 1908 1237 1961 Ἀχαιῶν

205 1978 311 2018 ἕλκεϊ
334 1978 571 2031 μοχθίζοντα
598 1981 699 2032 κακῷ
727 1977 973 2029 ὀλοόφρονος
1000 1976 1127 2027 ὕδρου·

206 2044 285 2085 ἔνθ’
310 2046 331 2083 ὅ
355 2061 401 2096 γε
426 2044 516 2085 κεῖτ’
542 2044 684 2097 ἀχέων·
726 2043 831 2097 τάχα
856 2045 896 2083 δὲ
926 2041 1152 2094 μνήσεσθαι
1179 2040 1348 2090 ἔμελλον

206 2111 378 2163 Ἀργεῖοι
403 2113 507 2163 παρὰ
534 2112 649 2162 νηυσὶ
678 2109 930 2161 Φιλοκτήταο
955 2108 1133 2149 ἄνακτος.

207 2177 293 2217 οὐδὲ
317 2180 390 2228 μὲν
415 2177 493 2217 οὐδ’
521 2179 556 2219 οἳ
583 2178 750 2232 ἄναρχοι
776 2179 887 2223 ἕσαν,
916 2175 1061 2217 πόθεόν
1086 2191 1131 2226 γε
1155 2174 1228 2224 μὲν
1253 2170 1390 2224 ἀρχόν·

206 2245 312 2284 ἀλλὰ
337 2243 480 2284 Μέδων
512 2247 715 2296 κόσμησεν
740 2245 903 2293 Ὀϊλῆος
928 2243 1042 2282 νόθος
1067 2240 1162 2284 υἱός,

1467 457 1532 487 700

1467 787 1530 818 705

1470 1117 1534 1151 710

1474 1451 1536 1500 735

1474 1782 1538 1813 720

1471 2115 1534 2146 725

248 2339 311 2375 697
336 2335 500 2376 ἀγχιάλην
514 2334 595 2365 Zen.
689 2344 747 2372 701
775 2332 1052 2375 φαίδιμοςἽΞκτωρ
1066 2331 1162 2362 Dem.
1178 2330 1295 2370 Sceps.
1385 2339 1445 2368 707
1467 2330 1530 2369 ἅμα

206 2381 265 2411 Ar.
286 2377 344 2409 U¹¹
362 2390 368 2408 :
394 2379 452 2419 ἄρα
472 2382 533 2408 cet.
636 2387 694 2416 711
722 2376 768 2408 ἰδὲ
780 2377 897 2417 κρήνην
916 2375 1080 2417 ’Ὑπέρειαν
1097 2386 1126 2406 v.
1146 2375 1165 2405 Ι.
1183 2384 1236 2413 ap.
1255 2372 1359 2404 schol.
1379 2373 1472 2404 Pind.
1493 2373 1527 2404 P.

208 2425 248 2454 iv.
272 2432 331 2452 221
444 2421 505 2459 716
530 2421 712 2469 epanwvffiy
727 2419 786 2466 12⁴0
891 2429 951 2458 717
977 2419 1027 2450 καὶ
1046 2418 1194 2450 Πιτύειαν
1215 2418 1291 2457 ἔχον
1309 2416 1426 2455 Steph.
1446 2416 1527 2454 Byz.

209 2469 241 2497 in
262 2464 396 2504 Ὀλιζών
498 2465 559 2502 718
583 2467 647 2495 τῶν
665 2470 701 2494 αι’,-
719 2463 892 2504 ἡγεμόνευε
909 2462 1110 2500 Φιλοκτήτης
1130 2463 1206 2502 ἀγὸς
1224 2462 1342 2501 ἀνδρῶν
1361 2459 1443 2492 Zen.

213 2518 358 2550 724*725
384 2508 450 2538 ath.
473 2506 553 2537 ch.
649 2516 707 2545 727
735 2506 834 2546 ἀλλὰ]
853 2507 926 2550 (τοὺς
946 2505 979 2537 δὲ
997 2504 1077 2535 Zen.

1653 808 1665 1069 „dv—,Q
1651 691 1664 798 ’κώ
1643 493 1668 666 &gp—..⁴
1659 463 1662 471 -

1657 2070 1670 2561 .-.ν,-.--;)-.--ῆ
1663 1982 1666 2049 —-—
1655 1652 1667 1957 -———--—-———x‚*
1654 1113 1667 1624 -b—„wa—
