1624 2802
552 115 612 150 10.
689 111 945 149 ΙΛΙΑΔΟΣ
996 112 1027 148 Κ

104 222 108 223 ’
129 212 221 254 ὅσσ’
239 212 394 264 ‘'Em-cop
420 211 552 264 ἔρρεξε
581 213 649 252 Δι’ὶ·
674 214 793 264 φίλος
818 214 903 255 υἷας
927 213 1114 266 Ἀχαιῶν,

129 280 264 326 αὕτως,
291 279 379 320 οὔτε
405 281 494 321 θεᾶς
518 279 598 320 υἱὸς
626 279 746 331 φίλος
773 280 861 320 οὔτε
887 282 1004 320 θεοῖο.
1410 294 1452 325 50

129 346 224 398 ἔργα
249 345 280 386 δ’
306 342 407 397 ἔρεξ’
431 346 509 385 ὅσα
534 346 635 398 φημὶ
662 344 890 396 μελησέμεν
915 345 1133 398 Ἀργείοισι

129 411 225 463 δηθά
249 429 291 452 τε
316 412 378 451 καὶ
403 412 578 464 δολιχόν·
619 413 722 452 τόσα
746 413 822 463 γὰρ
849 413 945 451 κακὰ
971 411 1115 462 μήσατ’
1143 412 1341 465 Ἀχαιούς.

129 478 219 519 ἀλλ’
244 480 298 518 ’ίθι
323 481 391 518 νῦν
415 479 566 518 Αἴαντα
593 478 656 518 καὶ
682 478 889 528 Ἰδομενῆα
915 477 1114 518 κάλεσσον

127 545 253 597 ῥίμφα
277 543 376 584 θέων
401 546 505 596 παρὰ
529 547 638 594 νῆας·
682 545 759 596 ἐγὼ
786 544 817 584 δ’
844 545 907 584 ἐπὶ
933 544 1117 595 Νέστορα
1140 547 1223 585 δῖον

128 611 218 662 εῖμι,
245 611 307 651 καὶ
332 610 500 663 ὀτρυνέω
526 610 788 662 ἀνστήμεναι,
817 612 859 651 αἵ
884 610 915 650 κ’
942 610 1129 666 ἐθέλῃσιν
1412 625 1452 655 55

129 678 260 718 ἐλθεῖν
285 678 325 719 ἐς
350 676 539 730 φυλάκων
566 677 670 730 ἱερὸν
700 676 815 718 τέλος
840 677 899 727 ἠδ’
927 679 1131 717 ἐπιτεῖλαι.

128 745 240 798 κείνῳ
266 742 340 795 γάρ
368 761 408 784 κε
432 742 610 794 μάλιστα
638 744 833 784 πιθοίατο·
871 747 953 798 τοῖο
980 745 1054 795 γὰρ
1078 743 1158 785 υἱὸς

128 810 309 860 σημαίνει
337 809 578 862 φυλάκεσσι,
611 810 673 850 καὶ
700 809 922 860 Ἰδομενῆος
947 809 1080 850 ὀπάων

129 876 341 928 Μηριόνης·
381 879 511 916 τοῖσιν
537 878 614 928 γὰρ
642 875 914 928 ἐπετράπομέν
939 893 983 928 γε
1008 875 1224 927 μάλιστα.”

191 941 271 982 Τὸν
297 942 329 981 δ’
355 942 534 993 ἠμείβετ’
561 943 700 983 ἔπειτα
726 942 830 993 βοὴν
856 942 1002 995 ἀγαθὸς
1028 942 1248 984 Μενέλαος·
1414 946 1455 978 60

129 1011 154 1026 “
169 1011 250 1049 πῶς
274 1008 348 1060 γάρ
372 1025 438 1059 μοι
462 1009 570 1063 μύθῳ
599 1008 830 1049 ἐπιτέλλεαι
854 1009 921 1059 ἠδὲ
948 1010 1137 1055 κελεύεις,·

127 1074 213 1114 αὖθι
237 1073 341 1124 μένω
366 1076 464 1125 μετὰ
489 1079 607 1121 τοῖσι,
641 1075 871 1127 δεδεγμένος
898 1077 952 1117 εἰς
977 1077 999 1114 ὅ
1023 1093 1088 1115 κεν
1114 1076 1243 1131 ἔλθῃς,

128 1140 172 1191 ῆε
196 1139 271 1180 θέω
295 1142 393 1191 μετὰ
420 1141 457 1179 σ’
488 1141 606 1187 αὖτις,
640 1141 737 1191 ἐπὴν
764 1142 805 1182 εὖ
829 1145 909 1183 τοῖς
936 1143 1136 1188 ἐπιτείλω;
1156 1141 1178 1155 ”

191 1206 273 1247 Τὸν
299 1207 331 1247 δ’
358 1207 449 1248 αὖτε
475 1207 717 1259 προσέειπεν
743 1207 845 1258 ἄναξ
865 1209 1016 1259 ἀνδρῶν
1041 1207 1312 1259 Ἀγαμέμνων·

129 1273 256 1313 ηαὖθι
280 1272 425 1323 μένειν,
454 1273 505 1324 μή
534 1291 615 1315 πως
645 1273 919 1326 ἀβροτάξομεν
944 1273 1153 1324 ἀλλήλοιιν
1411 1279 1450 1317 65

127 1338 338 1393 ἐρχομένω·
378 1340 525 1380 πολλαὶ
552 1342 625 1392 γὰρ
656 1341 729 1380 ἀνὰ
756 1342 925 1392 στρατόν
951 1342 1028 1380 εἶσι
1053 1340 1242 1381 κέλευθοι.

127 1405 300 1457 φθέγγεο
326 1405 358 1446 δ’
383 1405 408 1461 ᾗ
434 1423 498 1446 κεν
524 1408 652 1461 ἴῃσθα,
688 1408 749 1447 καὶ
775 1406 1009 1458 ἐγρήγορθαι
1034 1406 1195 1460 ἄνωχθι,

126 1472 319 1524 πατρόθεν
345 1473 386 1512 ἐκ
412 1474 549 1524 γενεῆς
577 1473 780 1523 ὀνομάζων
807 1472 926 1524 ἄνδρα
952 1473 1131 1518 ἕκαστον,

126 1537 273 1580 πάντας
301 1540 500 1578 κυδαίνων·
540 1540 636 1589 μηδὲ
663 1539 874 1590 μεγαλίζεο
900 1541 1018 1593 θυμῷ,

126 1605 231 1644 ἀλλὰ
255 1606 317 1645 καὶ
342 1604 455 1644 αὐτοί
480 1621 551 1657 περ
577 1605 822 1655 πονεώμεθα·
859 1605 935 1645 ὧδέ
960 1622 1034 1645 που
1059 1605 1154 1656 ἄμμι
1407 1617 1448 1648 70

125 1670 222 1712 Ζεὺς
247 1671 311 1710 ἐπὶ
335 1670 632 1722 γιγνομένοισιν
662 1672 711 1711 ἵει
740 1672 931 1721 κακότητα
956 1671 1161 1723 βαρεῖαν.”

184 1735 263 1778 ΔΩς
289 1738 408 1777 εἰπὼν
433 1737 664 1788 ἀπέπεμπεν
694 1737 891 1789 ἀδελφεὸν
918 1738 958 1778 εὖ
983 1738 1193 1779 ἐπιτείλας·

124 1802 242 1855 αὐτὰρ
267 1804 287 1843 ὁ
311 1806 366 1854 βῆ
391 1803 427 1855 ῥ’
458 1804 557 1844 ἰέναι
581 1806 679 1854 μετὰ
707 1803 906 1855 Νέστορα,
937 1804 1102 1854 ποιμένα
1125 1808 1246 1844 λαῶν·

123 1868 191 1909 τὸν
216 1869 247 1909 δ’
273 1869 382 1921 εὗρεν
407 1869 511 1922 παρά
536 1887 577 1910 τε
606 1871 740 1926 κλισίῃ
768 1871 829 1910 καὶ
858 1870 923 1920 νηὶ·
944 1872 1111 1926 μελαίνῃ

124 1934 212 1990 εὐνῇ
239 1936 296 1976 ἔνι
319 1937 488 1992 μαλακῇ·
526 1939 630 1989 παρὰ
657 1936 689 1976 δ’
715 1937 828 1977 ἔντεα
856 1937 1002 1976 ποικίλ’
1029 1937 1165 1982 ἔκειτο,
1405 1948 1444 1979 75

124 2001 244 2043 ἀσπὶς
269 2002 330 2041 καὶ
355 2003 422 2042 δύο
447 2005 556 2054 δοῦρε
583 2002 725 2055 φαεινή
751 2020 793 2043 τε
819 2002 1051 2055 τρυφάλεια.

124 2068 200 2118 πέιρ
224 2070 265 2107 δὲ
293 2068 443 2119 ζωστὴρ
469 2073 572 2108 κεῖτο
597 2071 824 2115 παναίολος,
851 2068 879 2123 ᾧ
897 2070 936 2121 ῥ’
965 2071 984 2108 ὁ
1010 2068 1163 2121 γεραιὸς

125 2132 291 2181 ζώννυθ’,
319 2134 373 2173 ὅτ’
399 2136 438 2175 ἐς
462 2136 638 2185 πόλεμον
664 2135 888 2187 φθισήνορα
913 2135 1161 2186 θωρήσσοιτο

167 2234 273 2264 51-52
297 2227 367 2257 ath.
387 2226 561 2266 Aristoph.
583 2228 641 2258 Ar.
823 2237 864 2266 53
888 2230 1001 2259 Αἴαντε
1019 2226 1079 2257 Ar.
1102 2227 1253 2267 (auctore
1275 2227 1448 2265 Didymo),

123 2267 199 2298 aU¹
212 2268 263 2298 V1¹
277 2269 336 2299 V¹ss
354 2270 444 2301 Eust.
467 2271 521 2311 (cf.
544 2276 574 2303 M
588 2281 651 2310 342
671 2272 787 2310 0301*
991 2280 1031 2309 54
1059 2271 1142 2311 παρὰ
1159 2271 1218 2300 Ar.
1238 2269 1361 2306 qu6
1374 2269 1448 2301 V¹¹:

122 2313 188 2352 περὶ
208 2311 252 2342 Ul
268 2324 275 2343 z
300 2315 348 2344 ἐπὶ
367 2314 454 2353 vulg.
570 2324 610 2353 55
636 2317 664 2345 κ’
684 2313 850 2355 ἐθέλῃσιν]
870 2327 904 2345 κε
923 2314 1049 2351 πίθηται
1068 2316 1200 2344 fikor
1214 2312 1243 2342 A
1257 2311 1304 2343 Μ7
1318 2313 1362 2343 N*

123 2362 162 2392 57
187 2356 276 2396 κείνῳ
292 2360 458 2393 bcfgiq
475 2358 517 2387 al.
538 2369 544 2387 :
569 2358 672 2389 κείνου
691 2357 778 2396 vulg.
876 2357 1025 2389 πυθοίατο
1042 2361 1095 2387 eh
1108 2355 1152 2387 U¹
