1660 2802
641 116 700 152 11.
774 111 1033 150 ΙΛΙΑΔΟΣ
1079 112 1113 150 Λ

216 213 457 264 ποιμαίνοντ’
483 213 544 254 ἐπ’
571 215 687 254 ὄεσσι
711 214 864 264 λαβών,
893 215 956 255 καὶ
980 214 1122 255 ἔλυσεν
1147 215 1331 257 ἀποίνων.

216 280 260 329 δὴ
287 280 375 320 τότε
401 279 436 331 γ’
462 279 662 331 Ἀτρείδης
688 279 775 331 εὐρὺ
802 281 938 331 κρείων
963 279 1223 333 Ἀγαμέμνων

214 346 282 386 τὸν
306 348 377 396 μὲν
401 346 496 397 ὑπὲρ
521 347 658 397 μαζοῖο
684 348 782 386 κατὰ
807 349 951 397 στῆθος
976 346 1082 397 βάλε
1107 349 1227 400 δουρί,

210 410 405 464 ’Ἄντιφον
431 413 476 452 αὖ
501 414 606 464 παρὰ
630 413 696 454 οὓς
720 413 842 453 ἔλασε
867 412 988 465 ξίφει,
1017 415 1058 454 ἐκ
1084 413 1115 453 δ’
1141 414 1258 464 ἔβαλ’
1283 415 1426 456 ἵππων.

216 479 487 532 σπερχόμενος
512 479 544 519 δ’
571 478 647 520 ἀπὸ
672 483 770 520 τοῖιν
795 480 923 520 ἐσύλα
946 480 1088 533 τεύχεα
1113 478 1226 526 καλά,
1477 495 1538 518 110

215 545 460 597 γιγνώσκων·
501 547 562 586 καὶ
587 545 661 597 γάρ
687 552 770 599 σφε
794 545 918 598 πάρος
942 548 1047 598 παρὰ
1071 548 1187 597 νηυσὶ
1211 549 1353 604 θοῇσιν

215 611 328 658 εἶδεν,
355 611 411 651 ὅτ’
437 611 483 662 ἐξ
498 612 604 662 Ἴδης
630 612 777 665 ἄγαγεν
802 613 924 654 πόδας
948 613 1047 655 ὠκὺς
1071 613 1296 667 Ἀχιλλεύς.

215 678 265 719 ὡς
290 680 329 718 δὲ
355 678 460 718 λέων
485 678 653 730 ἐλάφοιο
677 680 838 733 ταχείης
862 678 981 729 νήπια
1004 679 1122 720 τέκνα

212 745 367 795 ῥηϊδίως
393 744 570 796 συνέαξε,
597 746 738 797 λαβὼν
765 750 1010 798 κρατεροῖσιν
1035 747 1206 794 ὀδοῦσιν,

213 811 340 851 ἐλθὼν
365 812 419 853 εἰς
445 811 571 861 εὐνήν,
599 813 755 853 ἁπαλόν
779 811 823 853 τέ
847 812 920 865 σφ’
946 811 1038 865 ἦτορ
1065 813 1230 865 ἀπηύρα·
1476 827 1535 857 115

211 877 233 927 ἡ
260 877 293 917 δ’
320 879 355 918 εἴ
377 877 448 930 πέρ
474 895 516 918 τε
540 878 686 934 τύχῃσι
709 879 818 930 μάλα
843 879 1002 932 σχεδόν,
1029 879 1073 919 οὐ
1097 880 1258 920 δύναταί
1281 886 1359 932 σφι

211 948 436 997 χραισμεῖν·
475 944 595 995 αὐτὴν
620 945 694 997 γάρ
718 962 784 996 μιν
809 945 883 986 ὑπὸ
908 947 1049 997 τρόμος
1073 946 1179 988 αἰνὸς
1205 945 1340 988 ἱκάνει·

213 1012 466 1061 καρπαλίμως
491 1011 524 1051 δ’
549 1010 633 1062 ἤϊξε
659 1013 722 1052 διὰ
748 1014 871 1064 δρυμὰ
895 1014 1020 1053 πυκνὰ
1047 1013 1108 1052 καὶ
1132 1014 1230 1063 ὕλην

212 1077 424 1117 σπεύδουσ’
451 1078 646 1130 ἱδρώουσα
671 1082 853 1130 κραταιοῦ
879 1078 993 1131 θηρὸς
1017 1078 1086 1131 ὑφ’
1111 1080 1243 1131 ὁρμῆς·

211 1144 260 1185 ὣς
286 1143 360 1196 ἄρα
382 1148 462 1186 τοῖς
488 1145 532 1185 οὔ
557 1161 613 1187 τις
639 1145 778 1185 δύνατο
804 1147 1054 1198 χραισμῆσαι
1078 1147 1242 1198 ὄλεθρον
1476 1160 1536 1183 120

210 1210 369 1261 Τρώων,
397 1211 502 1251 ἀλλὰ
529 1212 590 1251 καὶ
615 1211 724 1252 αὐτοὶ
750 1211 813 1252 ὑπ’
839 1211 1057 1263 Ἀργείοισι
1083 1211 1272 1264 φέβοντο.

278 1276 408 1329 Αὐτὰρ
434 1278 453 1317 ὁ
479 1279 730 1330 Πείσανδρόν
756 1295 797 1318 τε
823 1278 885 1318 καὶ
909 1277 1150 1331 Ἱππόλοχον
1173 1278 1438 1334 μενεχάρμην,

210 1342 314 1385 υἱέας
339 1342 595 1397 Ἀντιμάχοιο
621 1343 845 1396 δαΐφρονος,
874 1345 916 1386 ὅς
940 1345 989 1395 ῥα
1011 1344 1189 1395 μάλιστα

209 1409 359 1462 χρυσὸν
385 1409 662 1462 Ἀλεξάνδροιο
688 1410 932 1463 δεδεγμένος,
959 1411 1090 1463 ἀγλαὰ
1116 1415 1232 1464 δῶρα,

209 1476 275 1516 οὐκ
302 1476 432 1529 εἴασχ’
456 1476 626 1527 Ἑλένην
653 1478 812 1527 δόμεναι
835 1476 964 1532 ξανθῷ
992 1477 1198 1533 Μενελάῳ,
1472 1491 1532 1522 125

207 1545 275 1582 τοῦ
299 1560 371 1594 περ
397 1542 441 1593 δὴ
468 1544 534 1583 δύο
560 1546 672 1584 παῖδε
698 1543 805 1594 λάβε
831 1545 968 1595 κρείων
993 1543 1251 1596 Ἀγαμέμνων

208 1609 264 1648 εἰν
289 1610 347 1650 ἑνὶ
372 1611 498 1664 δίφρῳ
524 1611 672 1656 ἐόντας,
702 1611 799 1660 ὁμοῦ
823 1610 855 1650 δ’
882 1611 976 1664 ἔχον
1002 1610 1123 1652 ὠκέας
1148 1612 1300 1652 ἵππους·

208 1676 249 1714 ἐκ
273 1675 348 1727 γάρ
373 1681 503 1727 σφεας
526 1680 669 1729 χειρῶν
697 1676 826 1729 φύγον
849 1677 941 1727 ἡνία
964 1678 1217 1729 σιγαλόεντα,

207 1742 259 1780 τὼ
285 1743 326 1782 δὲ
353 1741 583 1793 κυκηθήτην·
622 1744 641 1782 ὁ
668 1743 700 1783 δ’
728 1744 905 1783 ἐναντίον
930 1741 1029 1795 ὦρτο
1053 1743 1156 1784 λέων
1181 1744 1232 1786 ὣς

206 1806 419 1859 Ἀτρεΐδης·
456 1809 509 1848 τὼ
535 1809 566 1849 δ’
593 1809 674 1849 αὖτ’
701 1811 744 1849 ἐκ
769 1811 911 1862 δίφρου
935 1809 1215 1862 γουναζέσθην·
1470 1822 1532 1853 130

209 1876 234 1890 ‘¹
252 1874 401 1926 ζώγρει,
429 1874 588 1928 Ἀτρέος
613 1875 682 1922 υἱέ,
713 1876 764 1916 σὺ
789 1875 821 1916 δ’
847 1875 937 1927 ἄξια
961 1876 1069 1927 δέξαι
1092 1876 1248 1917 ἄποινα·

207 1943 339 1981 πολλὰ
364 1941 396 1980 δ’
423 1943 464 1981 ἐν
490 1941 748 1995 Ἀντιμάχοιο
773 1943 905 1993 δόμοις
932 1942 1113 1993 κειμήλια
1139 1946 1271 1989 κεῖται,

205 2008 354 2059 χαλκός
379 2024 421 2048 τε
445 2009 594 2061 χρυσός
620 2026 661 2049 τε
687 2008 934 2060 πολύκμητός
959 2026 1001 2050 τε
1025 2010 1197 2061 σίδηρος,

204 2077 281 2114 τῶν
307 2073 372 2114 κέν
397 2091 456 2115 τοι
480 2076 694 2128 χαρίσαιτο
720 2075 846 2127 πατὴρ
870 2075 1062 2127 ἀπερείσι’
1089 2075 1243 2121 ἄποινα,

252 2172 309 2200 107
335 2162 390 2203 δὴ]
415 2166 478 2194 τῶν
502 2163 579 2200 gL⁴
592 2163 676 2193 M¹¹z
702 2164 744 2195 ὧν
770 2164 846 2195 L1'3:
871 2175 900 2195 v.
928 2175 992 2195 om.
1020 2165 1048 2195 T
1162 2166 1222 2197 108
1245 2165 1349 2203 βάλεν
1371 2167 1533 2208 χαλκήρεϊ

204 2206 290 2247 δουρί
306 2216 354 2236 eo
368 2205 411 2236 N⁴
422 2205 481 2236 VIS
583 2217 642 2245 123
668 2207 860 2249 κακόφρονας
878 2208 959 2239 Zen.
982 2211 1029 2248 (et
1046 2209 1079 2239 in
1099 2208 1172 2249 138)
1281 2211 1341 2240 128
1365 2209 1472 2250 σφέων
1489 2220 1530 2240 e:

204 2252 296 2289 σφῶν
313 2247 355 2280 L²
368 2248 423 2280 Ι,12
438 2261 444 2280 :
469 2257 546 2290 σφιν
561 2249 604 2279 Vl
734 2251 839 2292 φύγον
856 2251 914 2282 ΑΓ.
934 2253 1023 2290 vulg.
1038 2264 1044 2283 :
1068 2253 1172 2294 φύ-γεν
1190 2263 1220 2284 v.
1234 2253 1252 2284 l.
1273 2258 1342 2284 ant.
1363 2252 1402 2283 Ι,3
1416 2252 1470 2284 L¹⁴
1484 2252 1529 2283 N4

203 2290 287 2366 {Et
340 2336 346 2366 1
406 2303 465 2332 132
490 2293 698 2335 Ἀντιμάχοιο
719 2296 837 2337 πατρὸς
855 2295 935 2326 Zen.
955 2306 962 2326 2
986 2296 1115 2336 ἀφνειοῦ
1132 2297 1249 2338 πατρὸς
1266 2295 1370 2328 eoN⁴
1389 2307 1416 2328 v.
1435 2296 1454 2328 l.
1473 2307 1525 2338 ap.

235 2345 273 2366 us
292 2360 297 2366 .
317 2346 334 2366 a
352 2360 358 2368 .
