1629 2828
534 160 568 194 2.
643 155 900 193 ΙΛΙΑΔΟΣ
949 157 978 192 Β

102 260 142 299 ἐκ
169 258 275 303 Διός,
302 258 344 299 ὅς
367 274 409 298 τε
435 260 562 298 θεοῖσι
589 259 650 299 καὶ
676 258 943 310 ἀνθρώποισιν
969 258 1151 306 ἀνάσσει,

103 326 166 366 καί
188 329 287 377 σφιν
313 322 526 365 θεσπέσιον
551 328 724 365 πλοῦτον
750 324 933 378 κατέχευε
959 327 1147 377 Κρονίων.
1353 332 1417 371 670

166 390 307 443 Νιρεὺς
332 391 379 449 αὖ
404 391 583 441 Σύμηθεν
608 390 679 443 ἄγε
703 394 806 442 τρεῖς
831 393 927 442 νῆας
952 391 1076 438 ἐΐσας,

102 457 242 509 Νιρεὺς
265 455 455 509 Ἀγλαΐης
479 456 561 500 υἱὸς
584 457 789 509 Χαρόποιό
811 456 844 497 τ’
870 457 1046 505 ἄνακτος,

101 524 254 576 Νιρεύς,
282 522 324 565 ὃς
350 523 566 566 κάλλιστος
591 523 688 575 ἀνὴρ
713 522 787 564 ὑπὸ
805 522 932 564 Ἴλιον
957 523 1056 574 ἦλθε

99 593 174 630 τῶν
199 589 333 630 ἄλλων
359 593 527 630 Δαναῶν
550 589 633 641 μετ’
658 590 836 641 ἀμύμονα
861 589 1086 641 Πηλεΐωνα·

99 655 189 696 ἀλλ’
214 656 437 698 ἀλαπαδνὸς
462 656 543 707 ἔην,
570 659 715 708 παῦρος
740 655 782 696 δέ
806 658 841 697 οἱ
867 657 996 697 εἵπετο
1021 657 1131 699 λαός.
1351 662 1414 702 675

164 721 214 762 Οἳ
239 720 270 762 δ’
295 721 369 775 ἄρα
393 720 572 774 Νίσυρόν
595 722 629 763 τ’
656 722 767 775 εἶχον
794 722 1007 775 Κράπαθόν
1031 740 1074 763 τε
1100 723 1237 764 Κάσον
1261 741 1304 765 τε

100 789 160 828 καὶ
190 791 278 828 Κῶν
306 788 550 840 Εὐρυπύλοιο
577 789 694 830 πόλιν
719 787 864 839 νήσους
887 805 929 829 τε
957 790 1175 836 Καλύδνας,

98 857 173 894 τῶν
197 854 243 894 αὖ
270 856 486 897 Φείδιππός
510 872 552 896 τε
578 857 639 896 καὶ
659 854 852 907 ’Ἄντιφος
875 855 1124 907 ἡγησάσθην,

99 922 316 961 Θεσσαλοῦ
341 923 398 962 υἷε
422 922 498 961 δύω
523 920 786 974 εΗρακλσεί’”δαο
810 921 987 963 ἄνακτος·

97 991 177 1029 τοῖς
201 990 243 1028 δὲ
268 987 474 1039 τριήκοντα
500 988 702 1040 γλαφυραὶ
727 987 810 1030 νέες
836 988 1091 1040 ἐστιχόωντο.
1351 994 1414 1025 680

163 1057 249 1094 Νῦν
274 1054 320 1094 αὖ
344 1054 433 1096 τοὺς
457 1055 576 1094 ὅσσοι
600 1054 644 1094 τὸ
670 1053 927 1106 Πελασγικὸν
945 1052 1093 1105 ’Ἄργος
1117 1054 1262 1100 ἔναιον,

97 1120 137 1160 οἵ
157 1119 188 1160 τ’
207 1119 334 1161 ’Άλον
359 1121 398 1160 οἵ
419 1119 451 1160 τ’
476 1119 654 1170 Ἀλόπην
680 1121 720 1160 οἵ
740 1137 782 1160 τε
804 1119 969 1172 Τρηχῖν’
995 1119 1193 1170 ἐνέμοντο,

97 1186 189 1226 οἵτ’
215 1186 323 1239 εἶχον
348 1187 474 1236 Φθίην
498 1185 556 1235 ἠδ’
581 1185 758 1226 Ἑλλάδα
784 1185 1080 1238 καλλιγύναικα,

99 1253 342 1305 Μυρμιδόνες
367 1255 408 1293 δὲ
434 1255 623 1294 καλεῦντο
649 1253 710 1292 καὶ
727 1251 930 1302 (Έλληνες
955 1253 1017 1293 καὶ
1041 1252 1211 1305 Ἀχαιοί,

98 1322 173 1359 τῶν
198 1319 245 1359 αὖ
270 1318 508 1369 πεντήκοντα
532 1322 630 1360 νεῶν
654 1317 701 1369 ἦν
726 1318 846 1371 ἀρχὸς
870 1318 1095 1371 Ἀχιλλεύς.
1348 1323 1411 1363 685

97 1384 186 1426 ἀλλ’
212 1386 251 1426 οἵ
272 1385 308 1438 γ’
333 1385 377 1425 οὐ
400 1385 588 1436 πολέμοιο
614 1384 807 1438 δυσηχέος
832 1385 1041 1435 ἐμνώοντο·

97 1452 140 1515 02²2
165 1453 240 1504 γὰρ
265 1452 331 1502 ἔην
356 1452 398 1494 ὅς
422 1453 480 1494 τίς
505 1457 605 1504 σφιν
630 1452 695 1492 ἐπὶ
720 1452 862 1504 στίχας
886 1450 1095 1503 ἡγήσαιτο·

98 1522 198 1558 κεῖτο
224 1520 297 1570 γὰρ
324 1520 364 1559 ἐν
390 1517 531 1567 νήεσσι
557 1517 751 1569 ποδάρκης
776 1520 856 1559 δῖος
881 1517 1106 1570 Ἀχιλλεύς,

98 1585 234 1636 κούρης
259 1585 459 1637 χωόμενος
484 1583 692 1636 Βρισηΐδος
717 1583 911 1633 ἠϋκόμοιο,

95 1650 166 1700 τὴν
190 1651 233 1690 ἐκ
258 1653 493 1702 Λυρνησσοῦ
517 1648 689 1700 ἐξείλετο
713 1650 846 1690 πολλὰ
870 1647 1062 1700 μογήσας,
1349 1653 1413 1693 690

96 1716 332 1768 Λυρνησσὸν
358 1715 624 1768 διαπορθησας
650 1716 712 1756 καὶ
736 1716 870 1767 τείχεα
895 1713 1053 1765 Θήβης,

96 1783 165 1822 κὰδ
191 1784 232 1822 δὲ
258 1782 407 1832 Μύνητ’
433 1782 582 1833 ἔβαλεν
608 1782 670 1822 καὶ
694 1780 967 1833 Ἐπίστροφον
993 1779 1299 1834 ἐγχεσιμωρους,

95 1847 198 1890 υἱέας
226 1848 393 1898 Εὐηνοῖο
420 1846 667 1898 Σεληπιάδαο
692 1847 869 1888 ἄνακτος·

95 1915 161 1963 τῆς
184 1915 207 1953 ὅ
229 1931 275 1966 γε
300 1914 391 1955 κεῖτ’
417 1913 559 1966 ἀχέων,
586 1930 688 1966 ταχα
713 1913 745 1953 δ’
770 1912 1045 1963 ἀνστήσεσθαι
1071 1912 1250 1962 ἔμελλεν.

161 1980 212 2020 Οἳ
237 1979 269 2020 δ’
294 1980 403 2033 εἶχον
427 1978 615 2030 Φυλάκην
641 1980 701 2019 καὶ
727 1979 917 2031 Πύρασον
943 1978 1195 2028 ἀνθεμόεντα,
1347 1980 1410 2020 695

98 2044 303 2097 Δήμητρος
327 2046 500 2097 τέμενος,
521 2044 665 2086 Ἴτωνά
689 2062 732 2085 τε
755 2045 903 2097 μητέρα
927 2044 1078 2095 μήλων,

138 2136 202 2174 669
224 2135 294 2165 ath.
312 2133 371 2166 Ar.
519 2134 579 2171 671
607 2133 644 2164 αὖ
664 2132 807 2172 Σύμηθεν
826 2133 914 2172 vulg.
929 2145 935 2164 :
961 2136 987 2165 δ’
1004 2133 1184 2173 Αἰσύμηθεν
1200 2138 1291 2170 abg·
1303 2132 1344 2163 al.
1363 2132 1415 2164 cit.

99 2177 198 2208 Rhet.
218 2187 267 2216 gr.
284 2177 339 2208 vii.
361 2177 463 2216 1189:
490 2178 516 2208 δ’
534 2176 730 2215 Αἶσύμνηθεν
750 2176 804 2207 cit.
824 2176 925 2206 Rhet.
943 2186 990 2215 gr.
1009 2176 1076 2207 viii.
1096 2185 1167 2215 753,
1185 2175 1242 2205 V‘-'1
1258 2187 1264 2206 :
1290 2175 1328 2207 αὖ
1345 2175 1415 2207 ἐσύ-

97 2224 194 2260 μηθεν
209 2225 234 2251 h
250 2220 290 2250 al.
380 2220 531 2258 673—675
555 2219 621 2249 ath.
641 2218 722 2249 Zen.
819 2221 883 2259 674
906 2229 969 2250 om.
987 2218 1068 2249 Zen.
1167 2220 1233 2250 680
1256 2221 1323 2251 τοῖς
1339 2229 1360 2249 a.
1373 2222 1421 2248 cf

99 2263 126 2294 B
138 2263 201 2294 CT
216 2262 259 2294 U¹
271 2261 315 2293 Vl
335 2262 391 2302 (cf.
402 2262 502 2301 516):
527 2264 591 2293 τῶν
607 2262 696 2300 vulg.
881 2263 941 2292 681
968 2264 1000 2294 οἵ
1012 2265 1042 2294 τ’
1054 2264 1140 2294 αὐτοὶ
1157 2267 1209 2293 bc
1221 2261 1297 2299 gal.
1314 2273 1321 2292 :
1345 2263 1375 2293 οἳ
1390 2263 1417 2292 δ’

97 2306 212 2348 Ἀργος
230 2306 320 2346 εἶχον
336 2307 374 2336 τὸ
391 2304 610 2345 Πελασγικόν,
629 2305 721 2345 οὐθαρ
739 2306 868 2347 ἀρούρης
884 2305 965 2336 Zen.
1170 2305 1233 2335 682
1257 2304 1415 2344 Ἀλόπην]

101 2351 296 2381 ἋλιοῦνθὛ.
315 2348 324 2379 l
346 2359 399 2387 ap.
412 2347 520 2378 strab.
534 2357 598 2385 432
687 2349 770 2378 686-
775 2350 835 2388 694
861 2350 928 2380 ath
942 2348 1022 2379 Zen.
1109 2350 1175 2388 690
1198 2351 1232 2380 ἐν
1244 2351 1416 2388 Λυρνησσῷ

99 2391 176 2423 Zeu.
355 2396 431 2431 post
454 2392 518 2430 692
542 2390 661 2432 πέρσεν
685 2391 719 2422 δὲ
743 2392 838 2424 πόλιν
863 2393 955 2424 θείοιο
981 2391 1128 2430 Μύνητος
1153 2391 1207 2422 cit.
1226 2391 1334 2422 Strab.
1352 2391 1416 2429 619

101 2436 272 2476 <=¹r296)
405 2435 469 2473 694
495 2433 690 2471 ἆστήσεσθαι
709 2434 789 2465 Zen.
