1624 2802
548 169 583 205 6.
658 167 913 205 lAIAAOE
963 169 992 205 Ζ

112 269 164 309 εἷς
191 269 279 320 ὅρος
304 265 327 318 ἦ
354 269 407 309 εἰς
434 271 532 319 κῦμα
558 272 888 322 πολυφλοίσβοιο
915 270 1137 321 θαλάσσης,

110 335 202 375 ἔνθα
225 351 273 385 με
299 334 382 385 κῦμ’
408 335 583 386 ἀπόερσε
608 335 730 388 πάρος
756 335 848 377 τάδε
874 337 969 388 ἔργα
994 336 1194 389 γενέσθαι.

109 401 228 453 αὐτὰρ
253 401 337 441 ἐπεὶ
362 400 454 441 τάδε
479 401 516 454 γ’
541 403 617 442 ὧδε
640 402 722 442 θεοὶ
749 404 845 442 κακὰ
870 402 1125 454 τεκμήραντο,

110 467 248 519 ἀνδρὸς
273 467 392 508 ἔπειτ’
420 468 609 521 ὤφελλον
635 469 840 519 ἀμείνονος
867 469 966 509 εἶναι
991 469 1151 515 ἄκοιτις,
1365 483 1430 515 350

110 534 150 575 ὃς
173 533 246 590 ᾔδη
272 533 433 585 νέμεσίν
457 552 501 575 τε
526 535 587 575 καὶ
613 536 758 589 αἴσχεα
783 535 902 576 πόλλ’
933 536 1161 588 ἀνθρώπων.

107 600 230 655 τούτῳ
255 600 287 640 δ’
314 601 394 640 οὔτ’
419 600 466 655 ἂρ
492 605 559 642 νῦν
585 601 728 654 φρένες
758 602 918 649 ἔμπεδοι
944 602 1024 642 οὔτ’
1050 602 1110 655 ἄρ’
1137 602 1295 643 ὀπίσσω

109 666 308 707 ἔσσονται·
347 671 399 707 τῶ
426 669 493 708 καί
512 684 579 718 μιν
605 668 899 720 ἐπαυρήσεσθαι
924 668 1006 708 ὀΐω.

109 733 198 773 ἀλλ’
224 732 293 785 ἄγε
318 737 386 774 νῦν
411 735 570 774 εἴσελθε
596 735 657 774 καὶ
684 735 766 784 ἕζεο
791 735 880 789 τῷδ’
907 735 970 775 ἐπὶ
995 737 1135 790 δίφρῳ,

109 802 211 850 δᾶερ,
239 801 330 840 ἐπεί
351 817 399 840 σε
421 799 599 852 μάλιστα
625 802 745 842 πόνος
771 801 918 853 φρένας
943 801 1227 854 ἀμφιβέβηκεν
1366 815 1426 846 355

109 865 220 906 εἵνεκ’
246 867 353 917 ἐμεῖο
380 866 492 908 κυνὸς
520 868 581 907 καὶ
607 866 871 919 Ἀλεξάνδρου
896 868 995 908 ἕνεκ’
1022 867 1128 918 ἄτης,

108 933 212 972 οἶσιν
238 934 301 973 ἐπὶ
327 934 426 974 Ζεὺς
453 936 546 983 θῆκε
573 934 690 974 κακὸν
714 935 849 986 μόρον,
877 934 927 975 ὡς
953 936 1014 974 καὶ
1040 936 1199 975 ὀπίσσω

107 999 348 1050 ἀνθρώποισι
374 1000 571 1050 πελώμεθ’
598 1001 768 1051 ἀοίδιμοι
794 1000 1093 1051 ἐσσομένοισι.”

170 1065 254 1115 Τὴν
278 1065 310 1105 δ’
337 1066 516 1117 ἠμείβετ’
544 1067 677 1107 ἔπειτα
701 1066 823 1119 μέγας
849 1069 1102 1119 κορυθαίολος
1120 1066 1290 1118 “Έκτωρ·

109 1131 200 1182 “μή
224 1149 272 1182 με
299 1131 438 1182 κάθιζ’,
461 1132 618 1183 Ἑλένη,
641 1133 840 1185 φιλέουσά
861 1151 946 1185 περ·
987 1133 1076 1173 οὐδέ
1099 1151 1148 1184 με
1169 1135 1332 1174 πείσεις·
1363 1136 1425 1177 360

105 1196 174 1249 ἤδη
201 1197 275 1251 γάρ
300 1215 367 1249 μοι
391 1199 510 1250 θυμὸς
536 1199 753 1240 ἐπέσσυται
778 1199 869 1252 ὄφρ’
895 1201 1078 1250 ἐπαμύνω

105 1264 301 1316 Τρώεσσ’,
331 1266 366 1306 οἳ
391 1265 478 1318 μέγ’
504 1267 610 1317 ἐμεῖο
636 1266 761 1316 ποθὴν
787 1267 978 1307 ἀπεόντος
1003 1267 1179 1320 ἔχουσιν.

107 1331 211 1371 ἀλλὰ
237 1331 287 1371 σύ
313 1331 349 1384 γ’
376 1333 506 1383 ὄρνυθι
530 1336 680 1378 τοῦτον,
709 1332 928 1385 ἐπειγέσθω
954 1334 995 1372 δὲ
1022 1334 1082 1373 καὶ
1108 1333 1234 1378 αὐτός,

105 1398 156 1438 ὥς
181 1414 246 1438 κεν
271 1397 329 1449 ἔμ’
359 1399 547 1439 ἔντοσθεν
575 1400 712 1440 πόλιος
739 1398 978 1454 καταμάρψῃ
1006 1400 1133 1440 ἐόντα.

108 1464 167 1503 καὶ
191 1466 265 1516 γὰρ
287 1465 388 1517 ἐγὼν
413 1464 564 1506 οἶκόνδε
595 1466 820 1516 ἐλεύσομαι,
849 1467 954 1517 ὄφρα
979 1467 1117 1516 ἴδωμαι
1363 1468 1420 1508 365

106 1530 237 1579 οἰκῆας
261 1530 414 1583 ἄλοχόν
441 1548 482 1571 τε
509 1533 632 1584 φίλην
659 1532 720 1571 καὶ
746 1532 886 1582 νήπιον
911 1533 1006 1571 υἱόν.

105 1597 148 1636 οὐ
173 1598 246 1649 γὰρ
274 1597 345 1638 οἶδ’
373 1599 406 1638 εἰ
433 1599 490 1639 ἔτι
516 1604 616 1651 σφιν
643 1598 862 1650 ὑπότροπος
886 1596 1016 1648 ἵξομαι
1044 1597 1161 1643 αὖτις,

105 1661 128 1712 ἦ
152 1662 223 1712 ἤδη
248 1663 286 1714 μ’
311 1663 385 1703 ὑπὸ
410 1664 526 1716 χερσὶ
554 1664 635 1703 θεοὶ
661 1663 862 1713 δαμόωσιν
887 1661 1097 1715 Ἀχαιῶν.”

165 1727 244 1770 ὁΩς
268 1728 342 1781 ἄρα
367 1729 558 1781 φωνήσας
585 1728 717 1779 ἀπέβη
745 1731 999 1779 κορυθαίολος
1016 1727 1186 1779 ‘'Em-mp-

105 1794 206 1846 αἶψα
231 1795 263 1835 δ’
289 1795 410 1836 ἔπειθ’
437 1797 543 1836 ἵκανε
570 1796 710 1846 δόμους
736 1796 777 1836 εὖ
801 1794 1064 1839 ναιετάοντας,
1362 1807 1421 1837 370

106 1860 183 1900 οὐδ’
210 1861 286 1913 εὗρ’
313 1861 588 1915 Ἀνδρομάχην
613 1863 859 1902 λευκώλενον
885 1862 927 1901 ἐν
952 1860 1198 1913 μεγάροισιν,

106 1927 196 1966 ἀλλ’
222 1927 247 1978 ἤ
270 1945 315 1980 γε
340 1927 414 1978 ξὺν
439 1929 546 1968 παιδὶ
573 1928 634 1968 καὶ
660 1928 875 1982 ἀμφιπόλῳ
902 1926 1083 1981 ἐϋπέπλῳ

106 1993 237 2047 πύργῳ
264 1993 477 2046 ἐφεστήκει
501 1993 661 2047 γοόωσά
687 2011 728 2034 τε
753 1993 948 2046 μυρομένη
974 2010 1029 2033 τε.

99 2057 254 2112 ‘'Exroep
279 2060 311 2100 δ’
338 2061 388 2102 ὡς
414 2060 481 2100 οὐκ
506 2060 617 2101 ἔνδον
643 2061 822 2111 ἀμύμονα
845 2060 985 2111 τέτμεν
1010 2059 1171 2104 ἄκοιτιν,

107 2123 201 2176 ἔστη
228 2125 288 2166 ἐπ’
315 2126 428 2167 οὐδὸν
455 2127 535 2173 ἰών,
563 2128 662 2178 μετὰ
687 2129 729 2167 δὲ
755 2128 931 2182 δμῳῇσιν
957 2126 1099 2166 ἔειπεν·
1362 2136 1421 2167 375

109 2192 134 2208 “
151 2192 183 2231 εἰ
208 2191 240 2231 δ’
265 2192 337 2244 ἄγε
359 2210 438 2243 μοι,
466 2194 602 2247 δμῳαί.
630 2192 821 2244 νημερτέα
845 2191 1091 2243 μυθήσασθε·

146 2293 210 2324 349
240 2284 488 2324 διετεκμήραντο
512 2282 621 2319 opN⁴
635 2282 716 2313 V²⁷t
748 2284 1028 2324 κατετεκμήραντο
1052 2282 1110 2313 V¹3
1250 2294 1310 2323 351
1343 2285 1375 2317 ὅς
1399 2286 1426 2326 ῤ’

101 2331 183 2364 bgi
198 2327 240 2358 al.
371 2334 433 2364 354
459 2328 512 2357 νῦν
529 2326 585 2356 ΑΓ.
607 2327 701 2356 codd.
837 2327 901 2365 356
925 2325 1018 2365 ἄτης]
1041 2327 1140 2367 ἀρχῆς
1160 2326 1240 2358 Zen.
1261 2338 1340 2358 cer

103 2371 165 2409 365
191 2369 361 2408 ἐλεύσομαι
379 2379 397 2399 c
409 2368 436 2398 T
449 2367 492 2398 U‘
508 2368 553 2398 UG
565 2368 619 2399 Vll
632 2368 690 2398 V¹⁹
706 2381 712 2399 ε
739 2370 951 2409 ἐσελεύσομαι
970 2369 1056 2407 vulg.
1182 2370 1250 2411 ὄφρ’
1269 2372 1306 2403 ἂν
1322 2382 1341 2401 e
1359 2371 1399 2401 al.
1419 2382 1425 2400 t

104 2414 143 2444 ὥς
160 2426 215 2445 κεν
229 2411 350 2443 M5V¹⁵
482 2413 541 2450 367
567 2412 628 2453 ’γὰρ
648 2410 688 2441 L⁰
701 2411 748 2442 Μ7
762 2412 806 2442 O⁴''
823 2411 888 2442 Us³z
911 2413 974 2453 γὰρ
992 2411 1039 2444 ἔτ’
1053 2416 1098 2443 io
1118 2412 1159 2444 al.
1178 2424 1182 2444 :
1208 2413 1269 2454 γάρ
1285 2415 1315 2445 τ’
1336 2414 1422 2451 vulg.

1257 2467 1295 2494 u*
