1660 2802
613 121 648 156 8.
722 117 982 156 IAIAAOE
1029 118 1068 157 Θ

178 214 370 266 λέξασθαι
397 217 483 268 περὶ
508 216 608 257 ἄστυ
633 217 858 268 θεοδμήτων
884 219 948 260 ἐπὶ
974 219 1144 272 πύργων·

177 283 385 335 θηλύτεραι
410 285 451 323 δὲ
477 287 657 335 γυναῖκες
684 285 740 325 ἐνὶ
764 284 999 337 μεγάροισιν
1024 285 1171 337 ἑκάστη
1435 303 1500 334 520

175 353 248 400 πῦρ
272 348 374 400 μέγα
400 350 602 391 καιόντων*
642 351 800 403 φυλακὴ
827 351 870 391 δέ
892 369 951 394 τις
977 353 1142 403 ἔμπεδος
1168 354 1284 400 ἔστω,

174 415 224 465 μὴ
251 415 374 469 λόχος
401 415 609 473 εἰσέλθῃσι
635 418 754 458 πόλιν
778 421 886 459 λαῶν
911 419 1122 460 ἀπεόντων.

173 481 238 521 ὧδ’
264 482 380 528 ἔστω,
407 486 540 534 Τρῶες
565 483 845 536 μεγαλήτορες,
873 485 924 527 ὡς
949 486 1136 538 ἀγορεύω·

173 551 292 598 μῦθος
318 548 349 588 δ’
377 548 418 590 ὃς
442 552 514 600 μὲν
541 554 610 590 νῦν
635 550 746 602 ὑγιὴς
770 551 974 603 εἰρημένος
999 553 1115 599 ἔστω,

172 614 241 654 τὸν
265 614 298 654 δ’
322 614 415 664 ἠοῦς
438 617 627 667 Τρώεσσι
650 617 735 667 μεθ’
763 617 998 670 ἱπποδάμοις
1022 619 1240 671 ἀγορεύσω,
1435 634 1498 665 525

174 681 338 734 εὔχομαι
363 683 582 733 ἐλπόμενος
610 684 680 723 Διί
702 683 734 723 τ’
759 684 946 725 ἄλλοισίν
970 702 1013 726 τε
1037 689 1189 727 θεοῖσιν

174 746 340 797 ἐξελάαν
367 748 524 790 ἐνθένδε
552 750 668 791 κύνας
695 751 1074 804 κηρεσσιφορήτους,

172 814 237 855 οὓς
263 816 376 866 κῆρες
404 815 597 868 φορέουσι
620 816 846 867 μελαινάων
871 819 935 859 ἐπὶ
960 823 1075 868 νηῶν.

172 880 264 920 ἀλλ’
289 880 376 930 ἤτοι
405 882 468 923 ἐπὶ
495 883 600 925 νυκτὶ
626 883 858 936 φυλάξομεν
882 884 1004 936 ἡμέας
1029 885 1180 932 αὐτούς,

172 951 270 999 πρῶϊ
296 947 329 987 δ’
358 949 512 998 ὑπηοῖοι
538 950 612 991 σὺν
637 951 798 1005 τεύχεσι
823 951 1092 1005 θωρηχθέντες
1433 967 1497 998 530

172 1016 311 1066 νηυσὶν
339 1014 403 1055 ἔπι
429 1021 686 1074 γλαφυρῇσιν
710 1019 914 1070 ἐγείρομεν
939 1018 1033 1069 ὀξὺν
1051 1018 1192 1070 ”Αρηα.

173 1081 332 1134 εἵσομαι
355 1081 379 1132 ἥ
405 1081 447 1122 κέ
470 1082 510 1133 μ’
536 1084 557 1122 ὁ
579 1083 767 1135 Τυδεΐδης
793 1085 976 1137 κρατερὸς
1004 1084 1206 1136 Διομήδης

169 1149 249 1199 πὰρ
273 1152 376 1197 νηῶν
402 1149 497 1201 πρὸς
520 1154 653 1204 τεῖχος
679 1151 893 1197 ἀπώσεται,
922 1151 945 1201 ἦ
971 1169 1037 1192 κεν
1062 1153 1139 1204 ἐγὼ
1164 1152 1231 1192 τὸν

169 1219 306 1269 χαλκῷ
333 1216 491 1271 δῃώσας
516 1216 636 1268 ἔναρα
657 1218 879 1269 βροτόεντα
903 1217 1094 1270 φέρωμαι.

170 1281 303 1333 αὔριον
326 1281 374 1332 ἣν
401 1282 543 1334 ἀρετὴν
568 1284 794 1330 διαείσεται,
823 1285 860 1325 εἴ
882 1284 913 1323 κ’
939 1284 1033 1336 ἐμὸν
1059 1285 1177 1339 ἔγχος
1432 1299 1494 1331 535

170 1348 282 1404 μείνῃ
309 1350 589 1402 ἐπερχόμενον·
628 1349 717 1390 ἀλλ’
745 1351 785 1391 ἐν
811 1351 1038 1403 πρώτοισιν,
1065 1351 1146 1397 ὀΐω,

171 1416 344 1456 κείσεται
371 1415 561 1466 οὐτηθείς,
589 1415 730 1458 πολέες
756 1417 788 1456 δ’
816 1417 915 1469 ἀμφ’
940 1417 1056 1458 αὐτὸν
1082 1420 1241 1470 ἑταῖροι,

168 1481 302 1531 ἠελίου
329 1483 507 1524 ἀνιόντος
533 1485 572 1525 ἐς
596 1484 742 1535 αὔριον·
782 1485 814 1524 εἰ
838 1486 913 1536 γὰρ
940 1485 1040 1537 ἐγὼν
1066 1485 1116 1527 ὣς

169 1549 252 1598 εἵην
277 1548 469 1590 ἀθάνατος
497 1549 559 1589 καὶ
584 1549 738 1602 ἀγήρως
762 1549 890 1601 ἤματα
915 1551 1054 1597 πάντα,

166 1615 321 1665 τιοίμην
346 1615 378 1655 δ’
405 1616 455 1657 ὡς
481 1615 574 1655 τίετ’
600 1616 787 1666 Ἀθηναίη
814 1617 876 1656 καὶ
901 1617 1127 1664 Ἀπόλλων,
1426 1631 1491 1664 540

167 1681 218 1723 ὡς
243 1685 312 1722 νῦν
336 1680 458 1733 ἡμέρη
485 1684 552 1732 ἥδε
578 1683 696 1723 κακὸν
722 1683 833 1735 φέρει
859 1683 1137 1736 Ἀργείοισιν.”

226 1746 305 1790 ὓΩς
323 1747 480 1800 ‘'Em-cop
507 1749 672 1801 ἀγόρευ’,
700 1750 763 1790 ἐπὶ
789 1753 830 1791 δὲ
854 1753 988 1802 Τρῶες
1013 1751 1249 1801 κελάδησαν.

165 1816 200 1854 οἱ
225 1814 259 1854 δ’
286 1816 427 1857 ἵππους
450 1817 521 1866 μὲν
546 1820 676 1857 λῦσαν
700 1817 775 1857 ὑπὸ
802 1818 914 1870 ζυγοῦ
940 1818 1160 1869 ἱδρώοντας,

165 1883 291 1931 δῆσαν
316 1881 349 1921 δ’
377 1881 588 1932 ἱμάντεσσι
613 1883 702 1935 παρ’
730 1884 902 1935 ἅρμασιν
927 1885 1033 1925 οἶσιν
1059 1886 1237 1928 ἕκαστος·

165 1948 206 1987 ἐκ
231 1949 369 1990 πόλιος
396 1948 428 1988 δ’
453 1947 595 1999 ἄξοντο
620 1951 722 2000 βόας
749 1950 810 1990 καὶ
836 1952 925 2003 ἴφια
947 1954 1057 2002 μῆλα
1426 1964 1488 1995 545

164 2015 427 2066 καρπαλίμως,
455 2015 562 2057 οἶνον
587 2018 627 2056 δὲ
651 2018 874 2069 μελίφρονα
898 2018 1099 2068 οἰνίζοντο,

208 2118 272 2146 519
295 2107 379 2148 περὶ]
402 2110 491 2147 προτὶ
508 2109 573 2139 kA
590 2109 633 2139 U¹
788 2121 939 2151 524-525
963 2112 1031 2143 ath.
1054 2111 1112 2142 Ar.
1267 2115 1331 2152 525
1356 2114 1491 2154 ἔλπομαι

165 2151 340 2191 εὐχόμενος
356 2150 480 2182 Zen.12
495 2151 557 2182 Μ13
575 2151 716 2192 U10V11,
734 2167 785 2195 γρ,
808 2155 864 2185 Mo
890 2155 944 2185 cit.
975 2155 1060 2186 Plut.
1089 2156 1146 2186 vit.
1169 2156 1270 2187 Hom.
1290 2167 1320 2188 2.
1344 2158 1403 2187 118

164 2195 228 2232 528
251 2204 316 2224 om.
336 2194 430 2233 zen„
449 2195 515 2226 ath.
536 2195 595 2226 Ar.
701 2207 766 2236 529
790 2198 890 2229 νύκτα
906 2209 935 2228 ν.
950 2198 971 2229 1.
985 2199 1017 2228 in
1034 2199 1066 2228 A
1165 2209 1228 2238 534
1253 2200 1405 2241 φεροίμην
1421 2211 1452 2232 v.
1466 2201 1487 2232 l.

163 2238 197 2267 in
211 2237 243 2268 A
332 2247 481 2277 535-537
507 2249 572 2270 om.
589 2239 683 2270 zen..
701 2240 926 2280 antisigmatis
943 2242 1071 2272 notavit
1084 2241 1142 2272 Ar.
1235 2243 1310 2282 538,
1324 2252 1398 2283 539,
1415 2254 1489 2285 541,

163 2282 297 2320 punctis
314 2282 446 2312 notavit
462 2282 519 2312 Ar.
623 2285 688 2323 538
713 2285 740 2316 εἰ
754 2284 812 2315 Ar.
832 2284 897 2315 ΕΑ
910 2284 951 2314 L*
961 2283 1019 2315 Vi5
1038 2296 1045 2315 :
1068 2287 1100 2317 αι’
1116 2291 1179 2316 cet.
1279 2296 1344 2326 539
1367 2289 1490 2329 ἀγήρως

163 2324 220 2355 Ar.
241 2329 323 2356 bce
335 2328 360 2355 h
372 2328 418 2362 iq
430 2325 511 2356 Aal.
528 2337 534 2356 :
561 2327 697 2367 ἀγήραος
715 2328 804 2366 vulg.
960 2337 1024 2367 540
1049 2328 1106 2359 Ar.
1127 2339 1194 2359 non
1211 2329 1347 2361 videtur
1364 2330 1489 2371 legisse

250 2378 312 2408 545
338 2369 449 2410 ἄξοντο
467 2368 523 2399 Ar.
547 2369 593 2399 Μ]
607 2371 653 2401 Pe
665 2369 709 2400 V³
720 2371 764 2401 V2·
775 2370 833 2402 V¹⁴·'
847 2370 903 2401 V¹⁴
915 2370 972 2401 VH
988 2383 994 2402 :
1019 2373 1136 2413 ἅξαντο
1146 2371 1236 2412 vulg.
