1670 2828
660 139 694 173 2.
768 133 1026 170 ΙΛΙΑΔΟΣ
1074 134 1103 169 Β

219 236 255 276 οἲ
282 235 483 288 Πλευρῶν’
510 235 694 286 ἐνέμοντο
721 236 782 275 καὶ
803 233 980 275 ’”Ωλενον
1006 234 1074 285 ἠδὲ
1101 234 1290 286 Πυλήνην

219 303 400 342 Χαλκίδα
423 302 456 342 τ’
482 303 678 355 ἀγχίαλον
705 300 922 342 Καλυδῶνά
946 317 988 342 τε
1014 300 1280 354 πετρήεσσαν·

217 368 262 407 οὐ
286 370 360 420 γὰρ
388 368 442 409 ἔτ’
468 369 614 418 Οἰνῆος
637 366 908 420 μεγαλήτορος
931 366 1032 409 υἱέες
1058 366 1174 417 ἦσαν,

217 434 295 474 οὐδ’
322 434 380 486 ἄρ’
406 434 458 475 ἔτ’
484 434 598 476 αὐτὸς
623 435 703 484 ἔην,
732 433 824 475 θάνε
850 436 891 474 δὲ
917 433 1060 484 ξανθὸς
1086 433 1335 486 Μελέαγρος·

218 505 268 555 τῷ
295 500 327 540 δ’
354 502 418 541 ἐπὶ
444 500 555 541 πάντ’
580 500 768 541 ἐτέταλτο
794 500 1023 551 ἀνασσέμεν
1051 502 1282 542 Αἰτωλοῖσι·

217 570 269 621 τῷ
295 566 326 607 δ’
352 566 431 617 ἅμα
454 567 754 619 τεσσαράκοντα
778 566 962 617 μέλαιναι
985 569 1076 618 νῆες
1102 567 1255 608 ἕποντο.

286 636 447 685 Κρητῶν
472 633 503 673 δ’
529 633 744 684 Ἰδομενεὺς
770 633 1018 686 δουρικλυτὸς
1043 633 1294 685 ἡγεμόνευεν,

218 700 253 740 οἳ,
280 700 446 740 Κνωσόν
471 699 503 739 τ’
530 699 640 753 εἶχον
666 699 838 753 Γόρτυνά
863 716 905 741 τε
930 700 1200 753 τειχιόεσσαν,

218 766 368 806 Λύκτον
394 767 578 817 Μίλητόν
604 783 646 807 τε
673 768 735 807 καὶ
760 767 991 819 ἀργινόεντα
1016 767 1224 807 Λύκαστον

218 833 395 873 Φαιστόν
420 849 462 873 τε
485 832 638 873 Ῥύτιόν
663 850 717 879 τε,
744 834 881 876 πόλεις
907 834 948 874 εὖ
974 833 1245 880 ναιεταούσας,

217 898 335 939 ἄλλοι
360 898 393 939 θ’
418 900 455 939 οἳ
481 898 638 951 Κρήτην
663 900 925 951 ἑκατόμπολιν
950 899 1239 953 ἀμφενέμοντο.

216 969 293 1005 τῶν
317 967 390 1015 μὲν
414 965 473 1017 ἄρ’
500 966 717 1017 Ἰδομενεὺς
742 966 989 1019 δουρικλυτὸς
1016 967 1229 1019 ἡγεμόνευε

220 1033 421 1083 Μηριόνης
446 1032 478 1072 τ’
505 1032 725 1075 ἀτάλαντος
749 1033 944 1088 Ἐνυαλίῳ
970 1034 1245 1090 ἀνδρειφόντῃ·

216 1102 321 1139 τοῖσι
346 1098 378 1138 δ’
403 1098 466 1149 ἅμ’
491 1100 716 1151 ὀγδώκοντα
739 1099 924 1150 μέλαιναι
948 1102 1038 1150 νῆες
1066 1100 1220 1141 ἕποντο.

283 1165 546 1215 Τληπόλεμος
571 1165 603 1205 δ’
627 1165 888 1217 (Ηρακλεΐδης
914 1166 982 1216 ἠΰς
1007 1183 1049 1207 τε
1073 1166 1196 1219 μέγας
1220 1183 1262 1207 τε

217 1233 260 1271 ἐκ
284 1230 418 1272 Ῥόδου
445 1231 558 1272 ἐννέα
583 1234 677 1282 νῆας
702 1231 796 1284 ἄγεν
819 1231 979 1273 Ῥοδίων
1005 1233 1231 1286 ἀγερώχων,

218 1298 254 1338 οἳ
278 1296 413 1338 Ῥόδον
437 1298 714 1350 ἀμφενέμοντο
739 1300 802 1338 διὰ
826 1299 943 1352 τρίχα
969 1299 1244 1350 κοσμηθέντες,

218 1365 361 1404 Λίνδον
386 1363 572 1414 Ἰηλυσόν
597 1382 638 1405 τε
665 1365 727 1405 καὶ
755 1366 985 1417 ἀργινόεντα
1012 1365 1220 1418 Κάμειρον.

218 1433 295 1471 τῶν
319 1432 391 1480 μὲν
416 1432 680 1482 Τληπόλεμος
704 1432 951 1483 δουρικλυτὸς
975 1433 1224 1484 ἡγεμόνευεν,

219 1495 263 1536 ὃν
286 1496 395 1537 τέκεν
420 1496 657 1550 Ἀστυόχεια
681 1499 752 1554 βίῃ
776 1497 1032 1555 (Ηρακληείῃ,

218 1562 288 1613 τὴν
313 1562 420 1615 ἄγετ’
446 1562 493 1614 ἐξ
513 1563 690 1615 Ἐφύρης
714 1568 890 1615 ποταμοῦ
914 1565 991 1606 ἄπο
1018 1565 1275 1616 Σελλήεντος,

219 1628 368 1680 πέρσας
392 1629 517 1670 ἄστεα
541 1632 675 1671 πολλὰ
700 1631 940 1684 διοτρεφέων
967 1633 1120 1683 αἰζηῶν.

218 1696 482 1747 Τληπόλεμος
507 1696 539 1737 δ’
565 1698 649 1738 ἐπεὶ
675 1697 741 1738 οὖν
767 1697 884 1750 τράφ’
912 1699 969 1739 ἐνὶ
993 1699 1150 1754 μεγάρῳ
1177 1698 1366 1754 εὐπήκτῳ,

219 1762 355 1802 αὐτίκα
378 1763 523 1815 πατρὸς
547 1766 626 1804 ἑοῖο
651 1766 773 1816 φίλον
797 1764 958 1817 μήτρωα
984 1766 1149 1806 κατέκτα

218 1828 290 1879 ἤδη
316 1829 568 1881 γηράσκοντα
592 1831 815 1882 Λικύμνιον,
843 1833 931 1882 ὄζον
951 1832 1110 1886 ”Αρηος·

219 1894 322 1947 αἶψα
347 1898 388 1936 δὲ
413 1899 508 1946 νῆας
527 1896 658 1948 ἔπηξε,
685 1898 812 1939 πολὺν
837 1899 869 1939 δ’
896 1900 918 1939 ὅ
942 1917 987 1952 γε
1010 1900 1109 1940 λαὸν
1136 1901 1294 1953 ἀγείρας

219 1964 274 2013 βῆ
300 1962 458 2014 φεύγων
485 1964 548 2004 ἐπὶ
573 1964 730 2005 πόντον·
769 1966 993 2017 ἀπείλησαν
1018 1967 1093 2019 γάρ
1117 1969 1153 2007 οἱ
1180 1967 1299 2007 ἄλλοι

218 2028 318 2070 υἱέες
342 2031 479 2070 υἱωνοί
499 2047 541 2071 τε
565 2032 658 2081 βίης
682 2031 960 2084 Ἱ-Ιρακληείης.

254 2095 263 2109 Ί
296 2097 310 2109 N
369 2096 387 2109 el
438 2096 447 2110 3
481 2098 490 2111 5
537 2096 545 2109 ἱ
593 2098 621 2111 ΙΝ
696 2099 712 2114 Φ
812 2101 822 2115 5
876 2100 885 2114 Ι
1050 2099 1065 2115 'l
1238 2100 1247 2116 Ι

220 2112 339 2148 αυταρ
365 2113 385 2135 ο
410 2113 435 2148 γ
474 2114 512 2138 ες
552 2100 671 2138 Ροοον
698 2098 778 2149 ιξεν
804 2105 1017 2151 αλωμενος,
1044 2105 1172 2152 αλγεα
1196 2118 1378 2154 πασχων·

218 2163 359 2215 τριχθὰ
383 2164 424 2202 δὲ
449 2162 594 2217 ᾤκηθεν
622 2167 913 2218 καταφυλαδόν,
941 2166 1000 2217 ἠδ’
1027 2169 1220 2219 ε’φίληθεν

1477 307 1541 348 640

1478 971 1543 1012 650

1476 1636 1541 1669 660

1475 1971 1538 2012 665

259 2254 410 2291 641—642
427 2253 493 2284 ath.
507 2254 586 2285 Zen.
666 2257 730 2295 656
747 2256 917 2298 ἀργιόεντα
930 2258 1004 2295 gal.
1073 2260 1137 2298 658
1155 2262 1326 2304 Ἠρακλείῃ
1338 2261 1419 2293 Zen.
1435 2261 1482 2292 M⁹
1495 2261 1539 2293 Ο3

217 2295 263 2326 OG
277 2294 321 2326 Ul
440 2298 505 2335 659
530 2300 589 2335 τὴν
607 2299 716 2339 ἄγετ’]
735 2300 873 2338 τηλόθεν
891 2301 944 2331 cit.
964 2301 1073 2333 Strab.
1092 2304 1165 2343 328,
1185 2314 1248 2343 339

218 2341 261 2371 ἐνὶ
280 2339 393 2378 Vulg.:
420 2341 540 2381 τράφεν
568 2343 601 2373 ἐν
629 2342 700 2372 Ve:
733 2343 865 2384 τράφετ’
894 2347 928 2376 ἐν
955 2356 995 2375 e:
1031 2347 1137 2387 τράφη
1164 2350 1197 2379 ἐν
1223 2308 1531 2385 g1V7V61512117-pa‘p

215 2384 279 2422 665
304 2382 431 2425 φεύγων
447 2383 506 2415 Ar.
525 2385 611 2423 vulg.
630 2397 636 2415 ;
661 2386 793 2427 φεύγειν
809 2386 856 2434 ᾮῖ
874 2397 979 2427 marg.
1113 2392 1175 2429 667
1202 2392 1313 2434 αὐτὰρ]
1334 2394 1409 2434 αἶψα
1428 2393 1507 2424 ch.
