<?xml version="1.0" encoding="UTF-8"?>
<!DOCTYPE html PUBLIC "-//W3C//DTD XHTML 1.0 Transitional//EN"
    "http://www.w3.org/TR/xhtml1/DTD/xhtml1-transitional.dtd">
<html xmlns="http://www.w3.org/1999/xhtml" xml:lang="en" lang="en">
 <head>
  <title>
</title>
<meta http-equiv="Content-Type" content="text/html;charset=utf-8" />
  <meta name='ocr-system' content='tesseract 3.04.00' />
  <meta name='ocr-capabilities' content='ocr_page ocr_carea ocr_par ocr_line ocrx_word'/>
</head>
<body>
  <div class='ocr_page' id='page_1' title='image "./operarecognoveru01homeuoft_0230.png"; bbox 0 0 1660 2802; ppageno 0'>
   <div class='ocr_carea' id='block_1_1' title="bbox 635 109 1078 149">
    <p class='ocr_par' dir='ltr' id='par_1_1' title="bbox 635 109 1078 149">
     <span class='ocr_line' id='line_1_1' title="bbox 635 109 1078 149; baseline -0.007 0"><span class='ocrx_word' id='word_1_1' title='bbox 635 114 668 149; x_wconf 88' lang='lat'>9.</span> <span class='ocrx_word' id='word_1_2' title='bbox 745 109 1002 146; x_wconf 75' lang='grc' dir='ltr'>ΙΛΙΑΔΟΣ</span> <span class='ocrx_word' id='word_1_3' title='bbox 1062 110 1078 146; x_wconf 85' lang='grc' dir='ltr'>Ι</span> 
     </span>
    </p>
   </div>
   <div class='ocr_carea' id='block_1_2' title="bbox 190 212 1529 2133">
    <p class='ocr_par' dir='ltr' id='par_1_2' title="bbox 196 212 1342 265">
     <span class='ocr_line' id='line_1_2' title="bbox 196 212 1342 265; baseline 0 -11"><span class='ocrx_word' id='word_1_4' title='bbox 196 214 353 265; x_wconf 86' lang='grc' dir='ltr'>Πηλεύς</span> <span class='ocrx_word' id='word_1_5' title='bbox 380 212 450 264; x_wconf 90' lang='grc' dir='ltr'>θήν</span> <span class='ocrx_word' id='word_1_6' title='bbox 475 230 540 265; x_wconf 93' lang='grc' dir='ltr'>μοι</span> <span class='ocrx_word' id='word_1_7' title='bbox 569 213 705 253; x_wconf 76' lang='grc' dir='ltr'>ἔπειτα</span> <span class='ocrx_word' id='word_1_8' title='bbox 730 213 894 265; x_wconf 85' lang='grc' dir='ltr'>γυναῖκά</span> <span class='ocrx_word' id='word_1_9' title='bbox 918 230 964 265; x_wconf 93' lang='grc' dir='ltr'>γε</span> <span class='ocrx_word' id='word_1_10' title='bbox 989 212 1191 264; x_wconf 82' lang='grc' dir='ltr'>μάσσεται</span> <span class='ocrx_word' id='word_1_11' title='bbox 1215 213 1342 257; x_wconf 78' lang='grc' dir='ltr'>αὐτός.</span> 
     </span>
    </p>

    <p class='ocr_par' dir='ltr' id='par_1_3' title="bbox 194 278 1517 399">
     <span class='ocr_line' id='line_1_3' title="bbox 194 278 1517 333; baseline -0.001 -11"><span class='ocrx_word' id='word_1_12' title='bbox 194 282 341 322; x_wconf 87' lang='grc' dir='ltr'>πολλαὶ</span> <span class='ocrx_word' id='word_1_13' title='bbox 367 280 566 333; x_wconf 81' lang='grc' dir='ltr'>Ἀχαιΐδες</span> <span class='ocrx_word' id='word_1_14' title='bbox 593 279 696 320; x_wconf 85' lang='grc' dir='ltr'>εἰσὶν</span> <span class='ocrx_word' id='word_1_15' title='bbox 722 279 781 320; x_wconf 83' lang='grc' dir='ltr'>ἀν’</span> <span class='ocrx_word' id='word_1_16' title='bbox 806 278 985 319; x_wconf 83' lang='grc' dir='ltr'>Ἑλλάδα</span> <span class='ocrx_word' id='word_1_17' title='bbox 1009 296 1052 320; x_wconf 93' lang='grc' dir='ltr'>τε</span> <span class='ocrx_word' id='word_1_18' title='bbox 1077 281 1204 330; x_wconf 84' lang='grc' dir='ltr'>Φθίην</span> <span class='ocrx_word' id='word_1_19' title='bbox 1228 297 1283 327; x_wconf 88' lang='grc' dir='ltr'>τε,</span> <span class='ocrx_word' id='word_1_20' title='bbox 1457 294 1517 326; x_wconf 86' lang='lat'>395</span> 
     </span>
     <span class='ocr_line' id='line_1_4' title="bbox 197 346 1133 399; baseline 0 -13"><span class='ocrx_word' id='word_1_21' title='bbox 197 350 327 399; x_wconf 78' lang='grc' dir='ltr'>κοῦραι</span> <span class='ocrx_word' id='word_1_22' title='bbox 353 346 563 399; x_wconf 82' lang='grc' dir='ltr'>ἀριστήων,</span> <span class='ocrx_word' id='word_1_23' title='bbox 592 347 632 386; x_wconf 82' lang='grc' dir='ltr'>οἵ</span> <span class='ocrx_word' id='word_1_24' title='bbox 655 363 698 387; x_wconf 90' lang='grc' dir='ltr'>τε</span> <span class='ocrx_word' id='word_1_25' title='bbox 723 347 938 397; x_wconf 83' lang='grc' dir='ltr'>πτολίεθρα</span> <span class='ocrx_word' id='word_1_26' title='bbox 961 346 1133 398; x_wconf 78' lang='grc' dir='ltr'>ῥύονται,</span> 
     </span>
    </p>

    <p class='ocr_par' dir='ltr' id='par_1_4' title="bbox 195 411 1180 465">
     <span class='ocr_line' id='line_1_5' title="bbox 195 411 1180 465; baseline 0 -12"><span class='ocrx_word' id='word_1_27' title='bbox 195 413 299 453; x_wconf 80' lang='grc' dir='ltr'>τάων</span> <span class='ocrx_word' id='word_1_28' title='bbox 325 413 372 463; x_wconf 88' lang='grc' dir='ltr'>ἥν</span> <span class='ocrx_word' id='word_1_29' title='bbox 399 412 429 453; x_wconf 89' lang='grc' dir='ltr'>κ’</span> <span class='ocrx_word' id='word_1_30' title='bbox 456 412 626 463; x_wconf 81' lang='grc' dir='ltr'>ἐθέλωμι</span> <span class='ocrx_word' id='word_1_31' title='bbox 653 414 779 465; x_wconf 84' lang='grc' dir='ltr'>φίλην</span> <span class='ocrx_word' id='word_1_32' title='bbox 806 411 991 464; x_wconf 82' lang='grc' dir='ltr'>ποιήσομ’</span> <span class='ocrx_word' id='word_1_33' title='bbox 1017 412 1180 453; x_wconf 85' lang='grc' dir='ltr'>ἄκοιτιν.</span> 
     </span>
    </p>

    <p class='ocr_par' dir='ltr' id='par_1_5' title="bbox 195 478 1318 599">
     <span class='ocr_line' id='line_1_6' title="bbox 195 478 1318 533; baseline 0 -13"><span class='ocrx_word' id='word_1_34' title='bbox 195 480 289 520; x_wconf 81' lang='grc' dir='ltr'>ἔνθα</span> <span class='ocrx_word' id='word_1_35' title='bbox 315 479 357 520; x_wconf 89' lang='grc' dir='ltr'>δέ</span> <span class='ocrx_word' id='word_1_36' title='bbox 381 496 446 531; x_wconf 90' lang='grc' dir='ltr'>μοι</span> <span class='ocrx_word' id='word_1_37' title='bbox 470 479 580 530; x_wconf 86' lang='grc' dir='ltr'>μάλα</span> <span class='ocrx_word' id='word_1_38' title='bbox 607 479 762 519; x_wconf 83' lang='grc' dir='ltr'>πολλὸν</span> <span class='ocrx_word' id='word_1_39' title='bbox 788 478 988 519; x_wconf 85' lang='grc' dir='ltr'>ἐπέσσυτο</span> <span class='ocrx_word' id='word_1_40' title='bbox 1015 479 1133 530; x_wconf 84' lang='grc' dir='ltr'>θυμὸς</span> <span class='ocrx_word' id='word_1_41' title='bbox 1159 479 1318 533; x_wconf 80' lang='grc' dir='ltr'>ἀγήνωρ</span> 
     </span>
     <span class='ocr_line' id='line_1_7' title="bbox 196 545 1135 599; baseline 0.001 -14"><span class='ocrx_word' id='word_1_42' title='bbox 196 545 375 599; x_wconf 87' lang='grc' dir='ltr'>γήμαντα</span> <span class='ocrx_word' id='word_1_43' title='bbox 399 545 580 597; x_wconf 77' lang='grc' dir='ltr'>μνηστὴν</span> <span class='ocrx_word' id='word_1_44' title='bbox 607 545 771 599; x_wconf 78' lang='grc' dir='ltr'>ἄλοχον,</span> <span class='ocrx_word' id='word_1_45' title='bbox 801 545 949 586; x_wconf 81' lang='grc' dir='ltr'>ἐϊκυῖαν</span> <span class='ocrx_word' id='word_1_46' title='bbox 973 546 1135 592; x_wconf 82' lang='grc' dir='ltr'>ἄκοιτιν,</span> 
     </span>
    </p>

    <p class='ocr_par' dir='ltr' id='par_1_6' title="bbox 196 611 1521 732">
     <span class='ocr_line' id='line_1_8' title="bbox 197 611 1521 665; baseline 0.002 -13"><span class='ocrx_word' id='word_1_47' title='bbox 197 612 365 663; x_wconf 88' lang='grc' dir='ltr'>κτήμασι</span> <span class='ocrx_word' id='word_1_48' title='bbox 390 612 604 663; x_wconf 84' lang='grc' dir='ltr'>τέρπεσθαι</span> <span class='ocrx_word' id='word_1_49' title='bbox 630 614 677 652; x_wconf 81' lang='grc' dir='ltr'>τὰ</span> <span class='ocrx_word' id='word_1_50' title='bbox 702 612 830 665; x_wconf 91' lang='grc' dir='ltr'>γέρων</span> <span class='ocrx_word' id='word_1_51' title='bbox 855 611 1050 662; x_wconf 86' lang='grc' dir='ltr'>ἐκτήσατο</span> <span class='ocrx_word' id='word_1_52' title='bbox 1077 612 1249 663; x_wconf 83' lang='grc' dir='ltr'>Πηλεύς·</span> <span class='ocrx_word' id='word_1_53' title='bbox 1457 627 1521 657; x_wconf 91' lang='grc'>400</span> 
     </span>
     <span class='ocr_line' id='line_1_9' title="bbox 196 677 1188 732; baseline 0.001 -13"><span class='ocrx_word' id='word_1_54' title='bbox 196 679 239 719; x_wconf 82' lang='grc' dir='ltr'>οὐ</span> <span class='ocrx_word' id='word_1_55' title='bbox 267 681 341 731; x_wconf 79' lang='grc' dir='ltr'>γὰρ</span> <span class='ocrx_word' id='word_1_56' title='bbox 367 679 453 730; x_wconf 86' lang='grc' dir='ltr'>ἐμοὶ</span> <span class='ocrx_word' id='word_1_57' title='bbox 479 681 613 732; x_wconf 77' lang='grc' dir='ltr'>ψυχῆς</span> <span class='ocrx_word' id='word_1_58' title='bbox 640 677 824 729; x_wconf 78' lang='grc' dir='ltr'>ἀντάξιον</span> <span class='ocrx_word' id='word_1_59' title='bbox 851 679 930 720; x_wconf 82' lang='grc' dir='ltr'>οὐδ’</span> <span class='ocrx_word' id='word_1_60' title='bbox 957 680 1034 719; x_wconf 85' lang='grc' dir='ltr'>ὅσα</span> <span class='ocrx_word' id='word_1_61' title='bbox 1060 680 1188 731; x_wconf 84' lang='grc' dir='ltr'>φασὶν</span> 
     </span>
    </p>

    <p class='ocr_par' dir='ltr' id='par_1_7' title="bbox 190 745 1123 798">
     <span class='ocr_line' id='line_1_10' title="bbox 190 745 1123 798; baseline 0.001 -13"><span class='ocrx_word' id='word_1_62' title='bbox 190 745 317 786; x_wconf 82' lang='grc' dir='ltr'>’Ίλιον</span> <span class='ocrx_word' id='word_1_63' title='bbox 343 745 543 795; x_wconf 84' lang='grc' dir='ltr'>ἐκτῆσθαι,</span> <span class='ocrx_word' id='word_1_64' title='bbox 573 745 614 786; x_wconf 73' lang='grc' dir='ltr'>εὖ</span> <span class='ocrx_word' id='word_1_65' title='bbox 641 746 850 796; x_wconf 88' lang='grc' dir='ltr'>ναιόμενον</span> <span class='ocrx_word' id='word_1_66' title='bbox 876 747 1123 798; x_wconf 83' lang='grc' dir='ltr'>πτολίεθρον,</span> 
     </span>
    </p>

    <p class='ocr_par' dir='ltr' id='par_1_8' title="bbox 196 811 1231 866">
     <span class='ocr_line' id='line_1_11' title="bbox 196 811 1231 866; baseline 0.001 -14"><span class='ocrx_word' id='word_1_67' title='bbox 196 813 240 852; x_wconf 85' lang='grc' dir='ltr'>τὸ</span> <span class='ocrx_word' id='word_1_68' title='bbox 265 812 355 864; x_wconf 82' lang='grc' dir='ltr'>πρὶν</span> <span class='ocrx_word' id='word_1_69' title='bbox 382 811 441 852; x_wconf 82' lang='grc' dir='ltr'>ἐπ’</span> <span class='ocrx_word' id='word_1_70' title='bbox 468 811 633 863; x_wconf 81' lang='grc' dir='ltr'>εἰρήνης,</span> <span class='ocrx_word' id='word_1_71' title='bbox 662 811 753 863; x_wconf 83' lang='grc' dir='ltr'>πρὶν</span> <span class='ocrx_word' id='word_1_72' title='bbox 780 811 910 853; x_wconf 82' lang='grc' dir='ltr'>ἐλθεῖν</span> <span class='ocrx_word' id='word_1_73' title='bbox 936 813 1020 854; x_wconf 74' lang='grc' dir='ltr'>υἷας</span> <span class='ocrx_word' id='word_1_74' title='bbox 1043 812 1231 866; x_wconf 81' lang='grc' dir='ltr'>Ἀχαιῶν,</span> 
     </span>
    </p>

    <p class='ocr_par' dir='ltr' id='par_1_9' title="bbox 197 878 1203 931">
     <span class='ocr_line' id='line_1_12' title="bbox 197 878 1203 931; baseline 0.002 -13"><span class='ocrx_word' id='word_1_75' title='bbox 197 878 275 918; x_wconf 80' lang='grc' dir='ltr'>οὐδ’</span> <span class='ocrx_word' id='word_1_76' title='bbox 301 880 378 919; x_wconf 85' lang='grc' dir='ltr'>ὅσα</span> <span class='ocrx_word' id='word_1_77' title='bbox 401 878 538 920; x_wconf 80' lang='grc' dir='ltr'>λάϊνος</span> <span class='ocrx_word' id='word_1_78' title='bbox 564 878 676 920; x_wconf 77' lang='grc' dir='ltr'>οὐδὸς</span> <span class='ocrx_word' id='word_1_79' title='bbox 703 878 904 931; x_wconf 81' lang='grc' dir='ltr'>ἀφήτορος</span> <span class='ocrx_word' id='word_1_80' title='bbox 929 878 1040 921; x_wconf 85' lang='grc' dir='ltr'>ε’ντὸς</span> <span class='ocrx_word' id='word_1_81' title='bbox 1065 878 1203 931; x_wconf 80' lang='grc' dir='ltr'>ἐέργει,</span> 
     </span>
    </p>

    <p class='ocr_par' dir='ltr' id='par_1_10' title="bbox 196 945 1523 1064">
     <span class='ocr_line' id='line_1_13' title="bbox 198 945 1523 1002; baseline 0 -17"><span class='ocrx_word' id='word_1_82' title='bbox 198 946 353 996; x_wconf 75' lang='grc' dir='ltr'>Φοίβου</span> <span class='ocrx_word' id='word_1_83' title='bbox 377 945 647 991; x_wconf 63' lang='grc' dir='ltr'>Ἀπόλλωνος,</span> <span class='ocrx_word' id='word_1_84' title='bbox 676 948 808 986; x_wconf 85' lang='grc' dir='ltr'>Πυθοῖ</span> <span class='ocrx_word' id='word_1_85' title='bbox 830 946 888 986; x_wconf 79' lang='grc' dir='ltr'>ἔνι</span> <span class='ocrx_word' id='word_1_86' title='bbox 912 946 1152 1002; x_wconf 85' lang='grc' dir='ltr'>πετρηέσσῃ.</span> <span class='ocrx_word' id='word_1_87' title='bbox 1457 958 1523 990; x_wconf 89' lang='grc'>405</span> 
     </span>
     <span class='ocr_line' id='line_1_14' title="bbox 196 1011 1087 1064; baseline 0.001 -12"><span class='ocrx_word' id='word_1_88' title='bbox 196 1012 353 1062; x_wconf 84' lang='grc' dir='ltr'>ληϊστοὶ</span> <span class='ocrx_word' id='word_1_89' title='bbox 378 1014 450 1062; x_wconf 79' lang='grc' dir='ltr'>μὲν</span> <span class='ocrx_word' id='word_1_90' title='bbox 475 1011 550 1064; x_wconf 81' lang='grc' dir='ltr'>γάρ</span> <span class='ocrx_word' id='word_1_91' title='bbox 575 1028 617 1052; x_wconf 94' lang='grc' dir='ltr'>τε</span> <span class='ocrx_word' id='word_1_92' title='bbox 641 1012 738 1062; x_wconf 80' lang='grc' dir='ltr'>βόες</span> <span class='ocrx_word' id='word_1_93' title='bbox 765 1012 828 1052; x_wconf 81' lang='grc' dir='ltr'>καὶ</span> <span class='ocrx_word' id='word_1_94' title='bbox 853 1014 943 1064; x_wconf 81' lang='grc' dir='ltr'>’ίφια</span> <span class='ocrx_word' id='word_1_95' title='bbox 967 1015 1087 1063; x_wconf 84' lang='grc' dir='ltr'>μῆλα,</span> 
     </span>
    </p>

    <p class='ocr_par' dir='ltr' id='par_1_11' title="bbox 199 1077 1249 1132">
     <span class='ocr_line' id='line_1_15' title="bbox 199 1077 1249 1132; baseline 0.002 -14"><span class='ocrx_word' id='word_1_96' title='bbox 199 1079 329 1129; x_wconf 83' lang='grc' dir='ltr'>κτητοὶ</span> <span class='ocrx_word' id='word_1_97' title='bbox 355 1081 396 1119; x_wconf 81' lang='grc' dir='ltr'>δὲ</span> <span class='ocrx_word' id='word_1_98' title='bbox 422 1078 602 1130; x_wconf 88' lang='grc' dir='ltr'>τρίποδές</span> <span class='ocrx_word' id='word_1_99' title='bbox 626 1095 669 1118; x_wconf 92' lang='grc' dir='ltr'>τε</span> <span class='ocrx_word' id='word_1_100' title='bbox 696 1079 757 1118; x_wconf 91' lang='grc' dir='ltr'>καὶ</span> <span class='ocrx_word' id='word_1_101' title='bbox 783 1080 913 1119; x_wconf 83' lang='grc' dir='ltr'>ἵππων</span> <span class='ocrx_word' id='word_1_102' title='bbox 939 1077 1063 1129; x_wconf 78' lang='grc' dir='ltr'>ξανθὰ</span> <span class='ocrx_word' id='word_1_103' title='bbox 1089 1078 1249 1132; x_wconf 86' lang='grc' dir='ltr'>κάρηνα·</span> 
     </span>
    </p>

    <p class='ocr_par' dir='ltr' id='par_1_12' title="bbox 198 1144 1126 1198">
     <span class='ocr_line' id='line_1_16' title="bbox 198 1144 1126 1198; baseline 0.001 -13"><span class='ocrx_word' id='word_1_104' title='bbox 198 1144 336 1197; x_wconf 81' lang='grc' dir='ltr'>ἀνδρὸς</span> <span class='ocrx_word' id='word_1_105' title='bbox 362 1147 403 1185; x_wconf 82' lang='grc' dir='ltr'>δὲ</span> <span class='ocrx_word' id='word_1_106' title='bbox 428 1145 540 1198; x_wconf 77' lang='grc' dir='ltr'>ψυχὴ</span> <span class='ocrx_word' id='word_1_107' title='bbox 568 1144 689 1185; x_wconf 84' lang='grc' dir='ltr'>πάλιν</span> <span class='ocrx_word' id='word_1_108' title='bbox 716 1144 846 1186; x_wconf 82' lang='grc' dir='ltr'>ἐλθεῖν</span> <span class='ocrx_word' id='word_1_109' title='bbox 873 1146 961 1186; x_wconf 81' lang='grc' dir='ltr'>οὕτε</span> <span class='ocrx_word' id='word_1_110' title='bbox 985 1146 1126 1196; x_wconf 81' lang='grc' dir='ltr'>λεϊστὴ</span> 
     </span>
    </p>

    <p class='ocr_par' dir='ltr' id='par_1_13' title="bbox 198 1210 1292 1264">
     <span class='ocr_line' id='line_1_17' title="bbox 198 1210 1292 1264; baseline 0.001 -13"><span class='ocrx_word' id='word_1_111' title='bbox 198 1211 278 1252; x_wconf 79' lang='grc' dir='ltr'>οὔθ’</span> <span class='ocrx_word' id='word_1_112' title='bbox 306 1210 432 1261; x_wconf 84' lang='grc' dir='ltr'>ἑλετή,</span> <span class='ocrx_word' id='word_1_113' title='bbox 461 1211 546 1252; x_wconf 84' lang='grc' dir='ltr'>ἐπεὶ</span> <span class='ocrx_word' id='word_1_114' title='bbox 572 1211 619 1263; x_wconf 80' lang='grc' dir='ltr'>ἄρ</span> <span class='ocrx_word' id='word_1_115' title='bbox 645 1228 710 1252; x_wconf 90' lang='grc' dir='ltr'>κεν</span> <span class='ocrx_word' id='word_1_116' title='bbox 736 1212 949 1264; x_wconf 78' lang='grc' dir='ltr'>ἀμείψεται</span> <span class='ocrx_word' id='word_1_117' title='bbox 973 1212 1084 1264; x_wconf 85' lang='grc' dir='ltr'>ἕρκος</span> <span class='ocrx_word' id='word_1_118' title='bbox 1108 1212 1292 1252; x_wconf 85' lang='grc' dir='ltr'>ὀδόντων.</span> 
     </span>
    </p>

    <p class='ocr_par' dir='ltr' id='par_1_14' title="bbox 197 1277 1526 1398">
     <span class='ocr_line' id='line_1_18' title="bbox 197 1277 1526 1331; baseline 0.004 -14"><span class='ocrx_word' id='word_1_119' title='bbox 197 1277 322 1329; x_wconf 89' lang='grc' dir='ltr'>μήτηρ</span> <span class='ocrx_word' id='word_1_120' title='bbox 347 1278 422 1330; x_wconf 86' lang='grc' dir='ltr'>γάρ</span> <span class='ocrx_word' id='word_1_121' title='bbox 447 1277 490 1318; x_wconf 90' lang='grc' dir='ltr'>τέ</span> <span class='ocrx_word' id='word_1_122' title='bbox 513 1277 562 1328; x_wconf 91' lang='grc' dir='ltr'>μέ</span> <span class='ocrx_word' id='word_1_123' title='bbox 587 1283 690 1330; x_wconf 88' lang='grc' dir='ltr'>φησι</span> <span class='ocrx_word' id='word_1_124' title='bbox 715 1280 784 1318; x_wconf 81' lang='grc' dir='ltr'>θεὰ</span> <span class='ocrx_word' id='word_1_125' title='bbox 811 1277 932 1320; x_wconf 85' lang='grc' dir='ltr'>Θέτις</span> <span class='ocrx_word' id='word_1_126' title='bbox 957 1279 1202 1331; x_wconf 78' lang='grc' dir='ltr'>ἀργυρόπεζα</span> <span class='ocrx_word' id='word_1_127' title='bbox 1461 1290 1526 1322; x_wconf 91' lang='lat'>410</span> 
     </span>
     <span class='ocr_line' id='line_1_19' title="bbox 198 1343 1157 1398; baseline 0 -13"><span class='ocrx_word' id='word_1_128' title='bbox 198 1346 401 1398; x_wconf 82' lang='grc' dir='ltr'>διχθαδίας</span> <span class='ocrx_word' id='word_1_129' title='bbox 427 1347 543 1396; x_wconf 86' lang='grc' dir='ltr'>κῆρας</span> <span class='ocrx_word' id='word_1_130' title='bbox 570 1343 741 1397; x_wconf 86' lang='grc' dir='ltr'>φερέμεν</span> <span class='ocrx_word' id='word_1_131' title='bbox 768 1344 951 1385; x_wconf 84' lang='grc' dir='ltr'>θανάτοιο</span> <span class='ocrx_word' id='word_1_132' title='bbox 977 1344 1157 1385; x_wconf 89' lang='grc' dir='ltr'>τέλοσδε.</span> 
     </span>
    </p>

    <p class='ocr_par' dir='ltr' id='par_1_15' title="bbox 199 1410 1299 1465">
     <span class='ocr_line' id='line_1_20' title="bbox 199 1410 1299 1465; baseline -0.001 -13"><span class='ocrx_word' id='word_1_133' title='bbox 199 1413 232 1452; x_wconf 87' lang='grc' dir='ltr'>εἰ</span> <span class='ocrx_word' id='word_1_134' title='bbox 255 1411 328 1462; x_wconf 90' lang='grc' dir='ltr'>μέν</span> <span class='ocrx_word' id='word_1_135' title='bbox 355 1411 386 1451; x_wconf 83' lang='grc' dir='ltr'>κ’</span> <span class='ocrx_word' id='word_1_136' title='bbox 412 1411 499 1451; x_wconf 74' lang='grc' dir='ltr'>αὖθι</span> <span class='ocrx_word' id='word_1_137' title='bbox 523 1410 652 1462; x_wconf 88' lang='grc' dir='ltr'>μένων</span> <span class='ocrx_word' id='word_1_138' title='bbox 678 1411 826 1463; x_wconf 86' lang='grc' dir='ltr'>Τρώων</span> <span class='ocrx_word' id='word_1_139' title='bbox 852 1412 970 1452; x_wconf 90' lang='grc' dir='ltr'>πόλιν</span> <span class='ocrx_word' id='word_1_140' title='bbox 996 1411 1299 1465; x_wconf 82' lang='grc' dir='ltr'>ἀμφιμάχωμαι,</span> 
     </span>
    </p>

    <p class='ocr_par' dir='ltr' id='par_1_16' title="bbox 200 1477 1311 1531">
     <span class='ocr_line' id='line_1_21' title="bbox 200 1477 1311 1531; baseline 0 -13"><span class='ocrx_word' id='word_1_141' title='bbox 200 1479 324 1518; x_wconf 83' lang='grc' dir='ltr'>ὤλετο</span> <span class='ocrx_word' id='word_1_142' title='bbox 348 1478 420 1529; x_wconf 91' lang='grc' dir='ltr'>μέν</span> <span class='ocrx_word' id='word_1_143' title='bbox 445 1495 511 1529; x_wconf 90' lang='grc' dir='ltr'>μοι</span> <span class='ocrx_word' id='word_1_144' title='bbox 537 1478 691 1524; x_wconf 86' lang='grc' dir='ltr'>νόστος,</span> <span class='ocrx_word' id='word_1_145' title='bbox 723 1479 821 1530; x_wconf 76' lang='grc' dir='ltr'>ἀτὰρ</span> <span class='ocrx_word' id='word_1_146' title='bbox 848 1477 963 1520; x_wconf 88' lang='grc' dir='ltr'>κλέος</span> <span class='ocrx_word' id='word_1_147' title='bbox 988 1477 1158 1531; x_wconf 83' lang='grc' dir='ltr'>ἄφθιτον</span> <span class='ocrx_word' id='word_1_148' title='bbox 1183 1478 1311 1518; x_wconf 85' lang='grc' dir='ltr'>ἔσται·</span> 
     </span>
    </p>

    <p class='ocr_par' dir='ltr' id='par_1_17' title="bbox 200 1544 1243 1597">
     <span class='ocr_line' id='line_1_22' title="bbox 200 1544 1243 1597; baseline -0.001 -12"><span class='ocrx_word' id='word_1_149' title='bbox 200 1547 232 1585; x_wconf 84' lang='grc' dir='ltr'>εἰ</span> <span class='ocrx_word' id='word_1_150' title='bbox 257 1544 299 1585; x_wconf 91' lang='grc' dir='ltr'>δέ</span> <span class='ocrx_word' id='word_1_151' title='bbox 326 1562 390 1585; x_wconf 90' lang='grc' dir='ltr'>κεν</span> <span class='ocrx_word' id='word_1_152' title='bbox 417 1544 537 1585; x_wconf 81' lang='grc' dir='ltr'>οἴκαδ’</span> <span class='ocrx_word' id='word_1_153' title='bbox 564 1545 678 1595; x_wconf 85' lang='grc' dir='ltr'>ἵκωμι</span> <span class='ocrx_word' id='word_1_154' title='bbox 705 1546 831 1597; x_wconf 86' lang='grc' dir='ltr'>φίλην</span> <span class='ocrx_word' id='word_1_155' title='bbox 857 1545 897 1587; x_wconf 80' lang='grc' dir='ltr'>ἐς</span> <span class='ocrx_word' id='word_1_156' title='bbox 922 1546 1089 1597; x_wconf 88' lang='grc' dir='ltr'>πατρίδα</span> <span class='ocrx_word' id='word_1_157' title='bbox 1114 1548 1243 1597; x_wconf 88' lang='grc' dir='ltr'>γαῖαν,</span> 
     </span>
    </p>

    <p class='ocr_par' dir='ltr' id='par_1_18' title="bbox 200 1610 1526 1732">
     <span class='ocr_line' id='line_1_23' title="bbox 200 1610 1526 1664; baseline 0.001 -13"><span class='ocrx_word' id='word_1_158' title='bbox 200 1612 325 1652; x_wconf 86' lang='grc' dir='ltr'>ὤλετό</span> <span class='ocrx_word' id='word_1_159' title='bbox 348 1628 414 1662; x_wconf 90' lang='grc' dir='ltr'>μοι</span> <span class='ocrx_word' id='word_1_160' title='bbox 442 1611 554 1653; x_wconf 84' lang='grc' dir='ltr'>κλέος</span> <span class='ocrx_word' id='word_1_161' title='bbox 579 1610 738 1657; x_wconf 86' lang='grc' dir='ltr'>ἐσθλόν,</span> <span class='ocrx_word' id='word_1_162' title='bbox 768 1611 833 1652; x_wconf 85' lang='grc' dir='ltr'>ἐπὶ</span> <span class='ocrx_word' id='word_1_163' title='bbox 858 1611 976 1664; x_wconf 85' lang='grc' dir='ltr'>δηρὸν</span> <span class='ocrx_word' id='word_1_164' title='bbox 1001 1611 1044 1652; x_wconf 88' lang='grc' dir='ltr'>δέ</span> <span class='ocrx_word' id='word_1_165' title='bbox 1068 1628 1135 1663; x_wconf 90' lang='grc' dir='ltr'>μοι</span> <span class='ocrx_word' id='word_1_166' title='bbox 1160 1612 1255 1652; x_wconf 87' lang='grc' dir='ltr'>αἰὼν</span> <span class='ocrx_word' id='word_1_167' title='bbox 1460 1624 1526 1656; x_wconf 83' lang='lat'>415</span> 
     </span>
     <span class='ocr_line' id='line_1_24' title="bbox 200 1676 1247 1732; baseline 0 -14"><span class='ocrx_word' id='word_1_168' title='bbox 200 1678 375 1724; x_wconf 82' lang='grc' dir='ltr'>ἔσσεται,</span> <span class='ocrx_word' id='word_1_169' title='bbox 403 1678 491 1718; x_wconf 86' lang='grc' dir='ltr'>οὐδέ</span> <span class='ocrx_word' id='word_1_170' title='bbox 517 1677 559 1718; x_wconf 89' lang='grc' dir='ltr'>κέ</span> <span class='ocrx_word' id='word_1_171' title='bbox 583 1677 621 1728; x_wconf 83' lang='grc' dir='ltr'>μ’</span> <span class='ocrx_word' id='word_1_172' title='bbox 648 1676 728 1718; x_wconf 72' lang='grc' dir='ltr'>ὦκα</span> <span class='ocrx_word' id='word_1_173' title='bbox 752 1678 867 1721; x_wconf 84' lang='grc' dir='ltr'>τέλος</span> <span class='ocrx_word' id='word_1_174' title='bbox 894 1678 1079 1719; x_wconf 82' lang='grc' dir='ltr'>θανάτοιο</span> <span class='ocrx_word' id='word_1_175' title='bbox 1106 1680 1247 1732; x_wconf 88' lang='grc' dir='ltr'>κιχείη.</span> 
     </span>
    </p>

    <p class='ocr_par' dir='ltr' id='par_1_19' title="bbox 201 1744 1204 1798">
     <span class='ocr_line' id='line_1_25' title="bbox 201 1744 1204 1798; baseline 0.002 -14"><span class='ocrx_word' id='word_1_176' title='bbox 201 1745 263 1785; x_wconf 81' lang='grc' dir='ltr'>καὶ</span> <span class='ocrx_word' id='word_1_177' title='bbox 289 1745 321 1784; x_wconf 87' lang='grc' dir='ltr'>δ’</span> <span class='ocrx_word' id='word_1_178' title='bbox 347 1745 394 1785; x_wconf 81' lang='grc' dir='ltr'>ἂν</span> <span class='ocrx_word' id='word_1_179' title='bbox 419 1749 500 1786; x_wconf 79' lang='grc' dir='ltr'>τοῖς</span> <span class='ocrx_word' id='word_1_180' title='bbox 526 1744 714 1785; x_wconf 84' lang='grc' dir='ltr'>ἄλλοισιν</span> <span class='ocrx_word' id='word_1_181' title='bbox 741 1744 819 1798; x_wconf 83' lang='grc' dir='ltr'>ἐγὼ</span> <span class='ocrx_word' id='word_1_182' title='bbox 846 1747 1204 1798; x_wconf 89' lang='grc' dir='ltr'>παραμυθησαίμην</span> 
     </span>
    </p>

    <p class='ocr_par' dir='ltr' id='par_1_20' title="bbox 201 1811 1176 1864">
     <span class='ocr_line' id='line_1_26' title="bbox 201 1811 1176 1864; baseline 0.001 -13"><span class='ocrx_word' id='word_1_183' title='bbox 201 1811 321 1852; x_wconf 82' lang='grc' dir='ltr'>οἴκαδ’</span> <span class='ocrx_word' id='word_1_184' title='bbox 348 1812 592 1858; x_wconf 87' lang='grc' dir='ltr'>ἀποπλείειν,</span> <span class='ocrx_word' id='word_1_185' title='bbox 620 1811 704 1852; x_wconf 84' lang='grc' dir='ltr'>ἐπεὶ</span> <span class='ocrx_word' id='word_1_186' title='bbox 732 1812 860 1853; x_wconf 81' lang='grc' dir='ltr'>οὐκέτι</span> <span class='ocrx_word' id='word_1_187' title='bbox 885 1811 998 1863; x_wconf 86' lang='grc' dir='ltr'>δήετε</span> <span class='ocrx_word' id='word_1_188' title='bbox 1023 1812 1176 1864; x_wconf 86' lang='grc' dir='ltr'>τέκμωρ</span> 
     </span>
    </p>

    <p class='ocr_par' dir='ltr' id='par_1_21' title="bbox 200 1878 1216 1931">
     <span class='ocr_line' id='line_1_27' title="bbox 200 1878 1216 1931; baseline 0.004 -14"><span class='ocrx_word' id='word_1_189' title='bbox 200 1878 321 1918; x_wconf 86' lang='grc' dir='ltr'>Ἰλίου</span> <span class='ocrx_word' id='word_1_190' title='bbox 346 1880 534 1928; x_wconf 81' lang='grc' dir='ltr'>αἰπεινῆς·</span> <span class='ocrx_word' id='word_1_191' title='bbox 572 1878 680 1929; x_wconf 84' lang='grc' dir='ltr'>μάλα</span> <span class='ocrx_word' id='word_1_192' title='bbox 706 1879 781 1931; x_wconf 82' lang='grc' dir='ltr'>γάρ</span> <span class='ocrx_word' id='word_1_193' title='bbox 809 1882 896 1920; x_wconf 84' lang='grc' dir='ltr'>ἑθεν</span> <span class='ocrx_word' id='word_1_194' title='bbox 923 1879 1091 1931; x_wconf 83' lang='grc' dir='ltr'>εὐρύοπα</span> <span class='ocrx_word' id='word_1_195' title='bbox 1117 1879 1216 1922; x_wconf 82' lang='grc' dir='ltr'>Ζεὺς</span> 
     </span>
    </p>

    <p class='ocr_par' dir='ltr' id='par_1_22' title="bbox 202 1945 1529 2067">
     <span class='ocr_line' id='line_1_28' title="bbox 202 1945 1529 1999; baseline 0.004 -14"><span class='ocrx_word' id='word_1_196' title='bbox 202 1948 315 1998; x_wconf 87' lang='grc' dir='ltr'>χεῖρα</span> <span class='ocrx_word' id='word_1_197' title='bbox 340 1945 406 1995; x_wconf 79' lang='grc' dir='ltr'>ἑὴν</span> <span class='ocrx_word' id='word_1_198' title='bbox 432 1945 642 1999; x_wconf 85' lang='grc' dir='ltr'>ὑπερέσχε,</span> <span class='ocrx_word' id='word_1_199' title='bbox 669 1945 940 1998; x_wconf 88' lang='grc' dir='ltr'>τεθαρσήκασι</span> <span class='ocrx_word' id='word_1_200' title='bbox 966 1949 1007 1986; x_wconf 82' lang='grc' dir='ltr'>δὲ</span> <span class='ocrx_word' id='word_1_201' title='bbox 1032 1947 1135 1987; x_wconf 88' lang='grc' dir='ltr'>λαοί.</span> <span class='ocrx_word' id='word_1_202' title='bbox 1465 1959 1529 1990; x_wconf 89' lang='lat'>4²0</span> 
     </span>
     <span class='ocr_line' id='line_1_29' title="bbox 204 2011 1163 2067; baseline 0.002 -16"><span class='ocrx_word' id='word_1_203' title='bbox 204 2011 295 2052; x_wconf 84' lang='grc' dir='ltr'>ἀλλ’</span> <span class='ocrx_word' id='word_1_204' title='bbox 320 2013 428 2062; x_wconf 87' lang='grc' dir='ltr'>ὑμεῖς</span> <span class='ocrx_word' id='word_1_205' title='bbox 451 2014 523 2062; x_wconf 82' lang='grc' dir='ltr'>μὲν</span> <span class='ocrx_word' id='word_1_206' title='bbox 549 2013 675 2054; x_wconf 83' lang='grc' dir='ltr'>ἰόντες</span> <span class='ocrx_word' id='word_1_207' title='bbox 701 2012 963 2065; x_wconf 88' lang='grc' dir='ltr'>ἀριστήεσσιν</span> <span class='ocrx_word' id='word_1_208' title='bbox 989 2013 1163 2067; x_wconf 82' lang='grc' dir='ltr'>Ἀχαιῶν</span> 
     </span>
    </p>

    <p class='ocr_par' dir='ltr' id='par_1_23' title="bbox 205 2079 1374 2133">
     <span class='ocr_line' id='line_1_30' title="bbox 205 2079 1374 2133; baseline 0.002 -15"><span class='ocrx_word' id='word_1_209' title='bbox 205 2079 396 2131; x_wconf 86' lang='grc' dir='ltr'>ἀγγελίην</span> <span class='ocrx_word' id='word_1_210' title='bbox 422 2079 740 2130; x_wconf 62' lang='grc' dir='ltr'>ἀπόφασθε-τὸ</span> <span class='ocrx_word' id='word_1_211' title='bbox 765 2083 841 2132; x_wconf 80' lang='grc' dir='ltr'>γὰρ</span> <span class='ocrx_word' id='word_1_212' title='bbox 865 2080 984 2133; x_wconf 86' lang='grc' dir='ltr'>γέρας</span> <span class='ocrx_word' id='word_1_213' title='bbox 1008 2079 1096 2120; x_wconf 82' lang='grc' dir='ltr'>ἐστὶ</span> <span class='ocrx_word' id='word_1_214' title='bbox 1121 2079 1374 2132; x_wconf 87' lang='grc' dir='ltr'>γερόντων-</span> 
     </span>
    </p>
   </div>
   <div class='ocr_carea' id='block_1_3' title="bbox 197 2168 1525 2296">
    <p class='ocr_par' dir='ltr' id='par_1_24' title="bbox 197 2168 1525 2296">
     <span class='ocr_line' id='line_1_31' title="bbox 241 2168 1523 2211; baseline 0 -10"><span class='ocrx_word' id='word_1_215' title='bbox 241 2180 305 2210; x_wconf 81' lang='lat'>394</span> <span class='ocrx_word' id='word_1_216' title='bbox 329 2184 368 2211; x_wconf 67' lang='grc' dir='ltr'>’γε</span> <span class='ocrx_word' id='word_1_217' title='bbox 392 2170 552 2209; x_wconf 74' lang='grc' dir='ltr'>μάσσεται</span> <span class='ocrx_word' id='word_1_218' title='bbox 577 2170 635 2200; x_wconf 85' lang='lat' dir='ltr'>Ar.</span> <span class='ocrx_word' id='word_1_219' title='bbox 655 2181 660 2201; x_wconf 89' lang='lat'>:</span> <span class='ocrx_word' id='word_1_220' title='bbox 693 2168 895 2209; x_wconf 66' lang='grc' dir='ltr'>’γαμέσσεται</span> <span class='ocrx_word' id='word_1_221' title='bbox 921 2169 1017 2200; x_wconf 87' lang='lat' dir='ltr'><strong>codd.</strong></span> <span class='ocrx_word' id='word_1_222' title='bbox 1197 2178 1262 2209; x_wconf 84' lang='lat'>399</span> <span class='ocrx_word' id='word_1_223' title='bbox 1284 2169 1435 2210; x_wconf 79' lang='grc' dir='ltr'>γήμαντα</span> <span class='ocrx_word' id='word_1_224' title='bbox 1459 2180 1490 2201; x_wconf 86' lang='lat' dir='ltr'>V.</span> <span class='ocrx_word' id='word_1_225' title='bbox 1503 2170 1523 2201; x_wconf 95' lang='lat' dir='ltr'>l.</span> 
     </span>
     <span class='ocr_line' id='line_1_32' title="bbox 197 2212 1525 2253; baseline 0 -10"><span class='ocrx_word' id='word_1_226' title='bbox 197 2219 266 2245; x_wconf 79' lang='lat' dir='ltr'><strong>ant.</strong></span> <span class='ocrx_word' id='word_1_227' title='bbox 288 2217 342 2244; x_wconf 80' lang='lat' dir='ltr'>bd.</span> <span class='ocrx_word' id='word_1_228' title='bbox 355 2222 521 2250; x_wconf 79' lang='lat' dir='ltr'>egmpq</span> <span class='ocrx_word' id='word_1_229' title='bbox 536 2223 565 2243; x_wconf 88' lang='lat' dir='ltr'>v.</span> <span class='ocrx_word' id='word_1_230' title='bbox 584 2213 603 2242; x_wconf 83' lang='lat'>1.</span> <span class='ocrx_word' id='word_1_231' title='bbox 624 2213 656 2242; x_wconf 80' lang='lat' dir='ltr'>in</span> <span class='ocrx_word' id='word_1_232' title='bbox 682 2213 733 2243; x_wconf 79' lang='lat' dir='ltr'>A:</span> <span class='ocrx_word' id='word_1_233' title='bbox 768 2213 907 2253; x_wconf 78' lang='grc' dir='ltr'>γήμαντι</span> <span class='ocrx_word' id='word_1_234' title='bbox 925 2212 983 2243; x_wconf 81' lang='lat' dir='ltr'>Ar.</span> <span class='ocrx_word' id='word_1_235' title='bbox 1011 2212 1098 2252; x_wconf 87' lang='lat' dir='ltr'>vulg.</span> <span class='ocrx_word' id='word_1_236' title='bbox 1278 2222 1337 2252; x_wconf 88' lang='lat'>401</span> <span class='ocrx_word' id='word_1_237' title='bbox 1374 2215 1441 2253; x_wconf 73' lang='grc' dir='ltr'>ἐμοὶ</span> <span class='ocrx_word' id='word_1_238' title='bbox 1466 2213 1525 2245; x_wconf 84' lang='lat' dir='ltr'>Ar.</span> 
     </span>
     <span class='ocr_line' id='line_1_33' title="bbox 200 2255 1522 2296; baseline -0.001 -8"><span class='ocrx_word' id='word_1_239' title='bbox 200 2261 250 2288; x_wconf 80' lang='lat' dir='ltr'>tle</span> <span class='ocrx_word' id='word_1_240' title='bbox 263 2256 377 2294; x_wconf 72' lang='lat' dir='ltr'>gilA</span> <span class='ocrx_word' id='word_1_241' title='bbox 389 2256 415 2286; x_wconf 89' lang='lat' dir='ltr'>B</span> <span class='ocrx_word' id='word_1_242' title='bbox 428 2256 453 2286; x_wconf 94' lang='lat' dir='ltr'>C</span> <span class='ocrx_word' id='word_1_243' title='bbox 472 2255 499 2284; x_wconf 93' lang='lat' dir='ltr'>D</span> <span class='ocrx_word' id='word_1_244' title='bbox 511 2256 538 2285; x_wconf 93' lang='lat' dir='ltr'>T</span> <span class='ocrx_word' id='word_1_245' title='bbox 559 2256 598 2286; x_wconf 80' lang='lat' dir='ltr'>al.</span> <span class='ocrx_word' id='word_1_246' title='bbox 616 2267 621 2285; x_wconf 90' lang='lat'>:</span> <span class='ocrx_word' id='word_1_247' title='bbox 643 2258 718 2293; x_wconf 75' lang='grc' dir='ltr'>ἐμῆς</span> <span class='ocrx_word' id='word_1_248' title='bbox 736 2266 765 2286; x_wconf 92' lang='lat' dir='ltr'>v.</span> <span class='ocrx_word' id='word_1_249' title='bbox 781 2255 799 2286; x_wconf 93' lang='lat' dir='ltr'>l.</span> <span class='ocrx_word' id='word_1_250' title='bbox 821 2262 904 2293; x_wconf 61' lang='lat' dir='ltr'><strong>ant„</strong></span> <span class='ocrx_word' id='word_1_251' title='bbox 923 2257 1012 2295; x_wconf 87' lang='lat' dir='ltr'>vulg.</span> <span class='ocrx_word' id='word_1_252' title='bbox 1113 2266 1176 2295; x_wconf 86' lang='lat'>405</span> <span class='ocrx_word' id='word_1_253' title='bbox 1199 2256 1331 2296; x_wconf 75' lang='grc' dir='ltr'>Φοίβου]</span> <span class='ocrx_word' id='word_1_254' title='bbox 1350 2258 1426 2294; x_wconf 80' lang='grc' dir='ltr'>νηοῦ</span> <span class='ocrx_word' id='word_1_255' title='bbox 1441 2256 1522 2287; x_wconf 85' lang='lat' dir='ltr'>Zen.</span> 
     </span>
    </p>
   </div>
   <div class='ocr_carea' id='block_1_4' title="bbox 284 2298 1523 2383">
    <p class='ocr_par' dir='ltr' id='par_1_25' title="bbox 284 2298 1523 2383">
     <span class='ocr_line' id='line_1_34' title="bbox 284 2298 1523 2340; baseline 0.001 -11"><span class='ocrx_word' id='word_1_256' title='bbox 284 2310 346 2338; x_wconf 88' lang='lat'>414</span> <span class='ocrx_word' id='word_1_257' title='bbox 369 2301 462 2339; x_wconf 74' lang='grc' dir='ltr'>ἵκωμι</span> <span class='ocrx_word' id='word_1_258' title='bbox 482 2298 604 2328; x_wconf 73' lang='lat' dir='ltr'>L2ov13</span> <span class='ocrx_word' id='word_1_259' title='bbox 617 2299 674 2329; x_wconf 56' lang='lat' dir='ltr'>V*</span> <span class='ocrx_word' id='word_1_260' title='bbox 694 2299 870 2330; x_wconf 76' lang='lat' dir='ltr'>Leidensis</span> <span class='ocrx_word' id='word_1_261' title='bbox 893 2309 934 2339; x_wconf 83' lang='lat'>33</span> <span class='ocrx_word' id='word_1_262' title='bbox 958 2300 990 2330; x_wconf 92' lang='lat' dir='ltr'><strong>H</strong></span> <span class='ocrx_word' id='word_1_263' title='bbox 1007 2311 1012 2331; x_wconf 72' lang='grc' dir='ltr'><strong><em>ε</em></strong></span> <span class='ocrx_word' id='word_1_264' title='bbox 1037 2301 1134 2340; x_wconf 75' lang='grc' dir='ltr'>ἰ’κοιμι</span> <span class='ocrx_word' id='word_1_265' title='bbox 1151 2300 1194 2330; x_wconf 69' lang='lat' dir='ltr'>V4</span> <span class='ocrx_word' id='word_1_266' title='bbox 1207 2309 1249 2331; x_wconf 81' lang='lat' dir='ltr'>ss.</span> <span class='ocrx_word' id='word_1_267' title='bbox 1269 2311 1275 2330; x_wconf 80' lang='lat' dir='ltr'><em>z</em></span> <span class='ocrx_word' id='word_1_268' title='bbox 1298 2300 1410 2339; x_wconf 82' lang='grc' dir='ltr'>ἵκωμαι</span> <span class='ocrx_word' id='word_1_269' title='bbox 1432 2300 1523 2339; x_wconf 87' lang='lat' dir='ltr'><strong>vulg.</strong></span> 
     </span>
     <span class='ocr_line' id='line_1_35' title="bbox 286 2342 719 2383; baseline 0.002 -10"><span class='ocrx_word' id='word_1_270' title='bbox 286 2344 350 2381; x_wconf 82' lang='lat'>416</span> <span class='ocrx_word' id='word_1_271' title='bbox 374 2353 440 2374; x_wconf 88' lang='lat' dir='ltr'>om.</span> <span class='ocrx_word' id='word_1_272' title='bbox 460 2342 555 2383; x_wconf 84' lang='lat' dir='ltr'>Zen.‚</span> <span class='ocrx_word' id='word_1_273' title='bbox 575 2343 641 2372; x_wconf 80' lang='lat' dir='ltr'>ath.</span> <span class='ocrx_word' id='word_1_274' title='bbox 662 2342 719 2374; x_wconf 83' lang='lat' dir='ltr'>Ar.</span> 
     </span>
    </p>
   </div>
  </div>
 </body>
</html>
