1670 2828
683 140 713 173 1.
789 131 1046 169 ΙΛΙΑΔΟΣ
1106 132 1139 168 Α

248 237 403 293 χρυσέῳ
430 239 503 279 ἀνὰ
529 235 727 290 σκήπτρῳ,
757 235 817 275 καὶ
841 235 1009 276 λίσσετο
1034 233 1183 276 πάντας
1208 233 1407 288 Ἀχαιούς,
1550 275 1563 280 ,

249 305 430 358 Ἀτρεΐδα
455 306 495 345 δὲ
519 303 695 355 μάλιστα
720 302 808 347 δύω,
837 299 1056 352 κοσμήτορε
1080 303 1201 341 λαῶν.
1506 313 1566 346 375

249 372 327 414 ἔνθ’
353 371 470 412 ἄλλοι
493 373 563 421 μὲν
588 369 730 410 πάντες
755 366 1041 419 ἐπευφήμησαν
1065 366 1221 419 Ἀχαιοὶ

247 438 446 479 αἰδεῖσθαί
467 436 500 476 θ’
521 438 628 488 ἱερῆα
653 435 715 474 καὶ
740 435 872 486 ἀγλαὰ
897 432 1035 486 δέχθαι
1059 432 1214 474 ἄποινα·

249 504 338 546 ἀλλ’
364 503 431 544 οὐκ
456 502 634 557 Ἀτρεΐδῃ
660 499 923 553 Ἀγαμέμνονι
946 499 1089 549 ἥνδανε
1117 502 1235 554 θυμῷ,

249 572 355 612 ἀλλὰ
380 573 502 610 κακῶς
527 569 647 620 ἀφίει,
670 566 856 619 κρατερὸν
883 565 915 606 δ’
941 566 1004 606 ἐπὶ
1028 568 1150 616 μῦθον
1174 567 1327 607 ἔτελλε·

247 637 450 690 χωόμενος
474 635 506 676 δ’
534 636 553 674 ὁ
578 633 704 686 γέρων
729 632 851 673 πάλιν
876 631 1015 687 ᾤχετο·
1053 636 1135 672 τοῖο
1155 631 1187 673 δ’
1214 632 1428 673 Ἀπόλλων
1504 638 1567 678 380

249 702 459 753 εὐξαμένου
483 701 664 752 ἤκουσεν,
692 699 776 740 ἐπεὶ
800 698 909 749 μάλα
933 701 970 739 οἱ
995 699 1115 751 φίλος
1140 697 1220 748 ἧεν,
1246 702 1252 707 ⁸

248 770 317 820 ῆκε
341 768 373 809 δ’
400 768 459 809 ἐπ’
484 767 702 819 Ἀργείοισι
728 765 845 806 κακὸν
869 764 1004 816 βέλος·
1042 767 1078 806 οἱ
1104 765 1146 806 δέ
1171 782 1216 806 νυ
1239 765 1331 805 λαοὶ

250 839 418 892 θνῇσκον
443 834 718 885 ἐπασσύτεροι,
746 834 793 872 τὰ
813 831 844 872 δ’
870 830 1044 887 ἐπῴχετο
1070 833 1171 882 κῆλα
1196 834 1300 872 θεοῖο

248 902 373 958 πάντῃ
399 902 473 942 ἀνὰ
493 899 660 952 στρατὸν
687 899 798 951 εὐρὺν
822 898 1010 951 Ἀχαιῶν·
1049 897 1145 949 ἄμμι
1163 900 1205 939 δὲ
1228 897 1365 949 μάντις

249 969 290 1010 εὖ
315 969 424 1010 εἰδὼς
449 968 611 1019 ἀγόρευε
635 965 878 1018 θεοπροπίας·
897 964 1061 1005 ἑκάτοιο.
1292 1002 1295 1003 ⁷
1507 969 1567 1009 385

249 1034 369 1075 αὐτίκ’
394 1035 471 1086 ἐγὼ
496 1037 645 1086 πρῶτος
672 1033 841 1083 κελόμην
867 1031 956 1072 θεὸν
982 1031 1231 1072 ἱλάσκεσθαι·

248 1100 460 1153 Ἀτρεΐωνα
485 1099 517 1140 δ’
542 1100 677 1140 ἔπειτα
700 1099 824 1152 χόλος
847 1098 989 1149 λάβεν,
1018 1097 1122 1150 αἶψα
1145 1096 1177 1138 δ’
1202 1097 1378 1140 ἀναστὰς

250 1168 465 1218 ἠπείλησεν
490 1169 623 1217 μῦθον,
652 1167 671 1205 ὁ
697 1166 742 1215 δὴ
768 1164 1051 1216 τετελεσμένος
1076 1164 1175 1206 ε’στί·

250 1235 320 1285 τὴν
342 1236 413 1285 μὲν
438 1236 511 1285 γὰρ
537 1233 611 1274 σὺν
635 1233 699 1283 νηῒ
723 1235 793 1289 θοῇ
818 1233 1009 1273 ἑλίκωπες
1033 1230 1188 1284 Ἀχαιοὶ

251 1303 290 1342 ἐς
314 1301 476 1353 Χρύσην
501 1299 736 1350 πέμπουσιν,
764 1298 904 1351 ἄγουσι
930 1300 972 1339 δὲ
997 1301 1101 1350 δῶρα
1126 1297 1276 1338 ἄνακτι·
1505 1309 1569 1342 390

251 1368 320 1417 τὴν
345 1370 385 1408 δὲ
410 1367 498 1407 νέον
524 1368 730 1416 κλισίηθεν
756 1366 856 1417 ἔβαν
882 1364 1040 1417 κήρυκες
1065 1364 1227 1417 ἄγοντες

253 1435 393 1486 κούρην
420 1436 600 1485 Βρισῆος,
628 1431 696 1483 τήν
719 1449 785 1484 μοι
811 1432 936 1472 δόσαν
959 1432 1039 1473 υἷες
1063 1430 1250 1485 Ἀχαιῶν.

253 1501 357 1540 ἀλλὰ
382 1500 444 1545 σύ,
473 1501 505 1540 εἰ
530 1499 701 1540 δύνασαί
721 1516 779 1551 γε,
806 1500 999 1551 περίσχεο
1023 1497 1162 1540 παιδὸς
1186 1499 1287 1548 ἑῆος·

253 1565 410 1607 ἐλθοῦσ’
434 1566 693 1616 Οὔλυμπόνδε
720 1567 800 1607 Δία
824 1567 950 1611 λίσαι,
977 1566 1013 1605 εἴ
1034 1581 1130 1606 ποτε
1151 1562 1198 1614 δή
1221 1580 1259 1604 τι

251 1629 274 1682 ἢ
301 1632 384 1673 ἔπει
410 1633 564 1683 ὤνησας
591 1633 748 1684 κραδίην
775 1631 871 1674 Διὸς
895 1631 939 1682 ἠὲ
965 1631 1027 1672 καὶ
1051 1631 1165 1685 ἔργῳ.
1510 1641 1571 1674 395

253 1698 423 1740 πολλάκι
446 1698 519 1751 γάρ
544 1716 614 1739 σεο
638 1698 784 1751 πατρὸς
808 1699 865 1739 ἐνὶ
888 1697 1121 1751 μεγάροισιν
1145 1696 1294 1738 ἄκουσα

254 1765 476 1818 εὐχομένης,
504 1765 559 1805 ὅτ’
586 1766 746 1817 ἔφησθα
771 1764 997 1818 κελαινεφέϊ
1023 1765 1216 1818 Κρονίωνι

253 1833 312 1881 οἴη
337 1833 380 1872 ἐν
405 1831 657 1872 ἀθανάτοισιν
683 1831 816 1873 ἀεικέα
839 1831 977 1884 λοιγὸν
1003 1832 1157 1883 ἀμῦναι,

254 1898 402 1939 ὁππότε
425 1915 490 1949 μιν
514 1897 702 1948 ξυνδῆσαι
726 1898 940 1950 Ὀλύμπιοι
963 1897 1108 1949 ἤθελον
1125 1898 1256 1944 ἄλλοι,

247 1963 355 2017 ‘'Hpr]
380 1964 505 2014 τ’-ἠδὲ
530 1965 764 2006 Ποσειδάων
791 1965 852 2006 καὶ
878 1966 1048 2007 Παλλὰς
1072 1963 1233 2015 Ἀθήνη·
1503 1974 1572 2005 400

253 2031 360 2071 ἀλλὰ
385 2030 435 2070 σὺ
459 2031 527 2071 τόν
551 2030 587 2083 γ’
613 2033 799 2078 ἐλθοῦσα,
827 2031 910 2078 θεά,
936 2031 1139 2072 ὑπελύσαο
1163 2032 1333 2081 δεσμῶν,

253 2095 325 2150 ὦχ’
350 2098 625 2150 ἑκατόγχειρον
652 2097 846 2139 καλέσασ’
873 2100 913 2140 ἐς
936 2098 1084 2150 μακρὸν
1102 2096 1327 2149 νΟλυμπον,

253 2162 300 2204 ὃν
326 2162 522 2216 Βριάρεων
547 2163 734 2205 καλέουσι
760 2165 852 2211 θεοί,
880 2164 1015 2217 ἄνδρες
1039 2164 1082 2205 δέ
1105 2181 1148 2205 τε
1170 2163 1315 2205 πάντες

295 2260 358 2290 374
382 2252 518 2284 λίσσετο
535 2251 595 2284 Ar.
612 2253 643 2283 A
654 2252 681 2282 Β
693 2253 721 2284 Τ
735 2264 742 2284 :
768 2257 814 2286 ἐλ.
833 2259 896 2285 cet.
916 2255 971 2295 (cf.
995 2255 1048 2296 15)
1191 2254 1253 2294 381
1281 2254 1351 2287 ἐπεί
1365 2253 1405 2297 ῥά
1421 2253 1458 2288 νύ
1472 2254 1582 2287 Thea-

253 2304 369 2333 genes,
385 2294 487 2334 Cypr.
501 2294 591 2327 Cret.
609 2296 712 2335 (teste
726 2297 814 2337 Sel.)
831 2311 836 2329 :
863 2301 879 2330 ὁ
893 2298 928 2330 δέ
939 2312 975 2330 νυ
988 2299 1062 2331 λίαν
1074 2309 1105 2330 v.
1120 2298 1140 2329 l.
1157 2308 1210 2338 ap.
1227 2298 1296 2329 sch.
1310 2297 1343 2328 A
1430 2307 1494 2338 393
1518 2299 1580 2331 ἑοῖο

253 2337 333 2369 Zen.
357 2341 439 2375 bgi
570 2340 719 2377 396-406
745 2341 810 2371 ath.
837 2340 917 2372 Zen.
1053 2351 1119 2381 400
1150 2342 1285 2374 Παλλὰς
1309 2341 1441 2382 Ἀθήνη]
1465 2342 1581 2380 Φοῖβος

253 2380 424 2464 ’ἒπὲίζκλων
440 2379 520 2412 Zen.
539 2390 570 2413 v,
588 2382 608 2412 l.
630 2381 688 2420 R1,
703 2383 757 2413 cit.
775 2383 878 2415 schol.
896 2384 991 2417 Pind.
1008 2384 1063 2416 Ol.
1080 2385 1134 2415 vii.
1152 2394 1206 2425 41,
1222 2383 1409 2417 Philodem.
1425 2384 1468 2416 de
1483 2384 1579 2425 piet.‚
