1660 2802
654 118 686 151 5.
763 111 1020 148 ΙᾹΙΑΔΟΣ
1070 111 1100 148 Ε

214 216 489 266 Τληπόλεμος·
528 215 591 255 καὶ
617 218 692 254 τῶν
717 217 788 265 μὲν
813 216 965 270 ἁμαρτῇ
990 215 1158 266 δούρατα
1182 216 1309 267 μακρὰ

215 284 257 322 ἐκ
282 285 425 334 χειρῶν
450 280 575 331 ἤϊξαν·
615 283 634 321 ὁ
659 283 731 331 μὲν
755 280 884 331 βάλεν
909 280 1058 333 αὐχένα
1081 280 1237 331 μέσσον

215 348 443 400 Σαρπηδών,
471 347 592 400 αἰχμὴ
618 346 661 387 δέ
686 349 896 398 διαμπερὲς
921 345 1008 396 ἦλθ’
1034 347 1232 399 ἀλεγεινή·

214 414 281 454 τὸν
307 416 348 454 δὲ
375 414 456 454 κατ’
482 415 701 465 ὀφθαλμῶν
728 413 913 464 ἐρεβεννὴ
939 412 1012 463 νὺξ
1034 413 1221 466 ἐκάλυψε.

214 481 478 531 Τληπόλεμος
505 480 537 519 δ’
564 480 638 532 ἄρα
663 479 785 532 μηρὸν
811 479 1016 531 ἀριστερὸν
1041 479 1152 533 ἔγχεϊ
1175 484 1308 536 μακρῷ

214 545 449 598 βεβλήκειν,
479 546 599 599 αἰχμὴ
627 548 668 586 δὲ
693 545 880 586 διέσσυτο
905 547 1136 596 μαιμώωσα,

215 613 340 667 ὀστέῳ
369 614 674 665 ἐγχριμφθεῖσα,
702 612 829 665 πατὴρ
854 612 887 652 δ’
913 612 969 652 ἔτι
993 613 1131 665 λοιγὸν
1157 612 1313 664 ἄμυνεν.

281 681 332 719 Οἱ
357 682 429 730 μὲν
455 678 512 731 ἄρ’
541 680 719 719 ἀντίθεον
745 679 977 731 Σαρπηδόνα
1002 682 1077 720 δῖοι
1103 682 1248 731 ἑταῖροι

216 745 404 798 ἐξέφερον
430 743 634 796 πολέμοιο·
672 745 821 798 βάρυνε
846 743 887 785 δέ
911 763 977 796 μιν
1003 747 1094 798 δόρυ
1116 746 1264 798 μακρὸν

215 813 442 863 ἑλκόμενον·
481 812 524 852 τὸ
548 815 618 863 μὲν
644 812 687 852 οὔ
713 829 770 854 τις
795 812 1040 865 ἐπεφράσατ’
1065 812 1144 852 οὐδ’
1171 813 1323 863 ἐνόησε,

213 883 336 931 μηροῦ
364 878 547 931 ἐξερύσαι
573 880 665 931 δόρυ
689 879 879 930 μείλινον,
907 879 997 931 ὄφρ’
1024 880 1200 930 ἐπιβαίη,

215 947 478 987 σπευδόντων·
518 950 623 986 τοῖον
649 947 724 998 γὰρ
750 946 843 998 ἕχον
869 946 990 986 πόνον
1016 944 1296 998 ἀμφιέποντες.

280 1014 546 1063 Τληπόλεμον
574 1011 606 1053 δ’
633 1011 822 1065 ἑτέρωθεν
849 1011 1076 1062 ἐϋκνήμιδες
1097 1011 1254 1065 Ἀχαιοὶ

214 1077 403 1131 ἐξέφερον
430 1077 631 1129 πολέμοιο·
675 1080 795 1129 νόησε
821 1080 861 1119 δὲ
888 1082 969 1120 δῖος
994 1078 1216 1121 Ὀδυσσεὺς

214 1144 390 1195 τλήμονα
417 1145 537 1196 θυμὸν
564 1146 680 1198 ἔχων,
706 1147 881 1196 μαίμησε
907 1143 947 1185 δέ
972 1147 1007 1186 οἱ
1034 1147 1156 1198 φίλον
1182 1144 1288 1197 ἦτορ·

213 1210 422 1264 μερμήριξε
448 1211 480 1251 δ’
507 1212 641 1252 ἔπειτα
668 1213 763 1251 κατὰ
789 1210 916 1264 φρένα
943 1212 1003 1251 καὶ
1028 1213 1124 1252 κατὰ
1149 1211 1270 1263 θυμὸν

213 1275 236 1328 ἣ
262 1276 435 1330 προτέρω
463 1278 558 1320 Διὸς
584 1278 667 1319 υἱὸν
692 1278 938 1330 ἐριγδούποιο
963 1279 1106 1324 διώκοι,

214 1343 237 1394 ἦ
262 1346 284 1384 ὅ
312 1362 356 1396 γε
380 1348 457 1385 τῶν
483 1345 663 1385 πλεόνων
688 1346 841 1385 Λυκίων
868 1344 945 1385 ἀπὸ
971 1344 1092 1395 θυμὸν
1119 1345 1262 1385 ἕλοιτο.

214 1410 293 1450 οὐδ’
320 1410 378 1463 ἄρ’
404 1411 604 1461 Ὀδυσσῆϊ
628 1410 869 1463 μεγαλήτορι
891 1412 1087 1462 μόρσιμον
1112 1410 1180 1461 ἧεν

214 1478 376 1529 ἴφθιμον
404 1477 499 1519 Διὸς
523 1477 608 1517 υἱὸν
633 1477 855 1528 ἀποκτάμεν
880 1476 962 1528 ὀξέϊ
986 1482 1136 1532 χαλκῷ·

213 1547 265 1582 τῶ
290 1544 338 1594 ῥα
365 1545 461 1583 κατὰ
487 1544 640 1593 πληθὺν
668 1545 823 1583 Λυκίων
847 1543 970 1595 τράπε
996 1544 1115 1594 θυμὸν
1140 1542 1301 1594 Ἀθήνη.

214 1608 294 1649 ἔνθ’
320 1611 342 1648 ὅ
366 1627 411 1661 γε
438 1611 631 1660 Κοίρανον
658 1610 763 1649 εἶλεν
792 1609 1019 1662 Ἀλάστορά
1043 1627 1085 1650 τε
1110 1611 1284 1662 Χρομίον
1308 1627 1351 1651 τε

209 1674 455 1727 ’Ἄλκανδρόν
481 1675 515 1715 θ’
534 1675 678 1716 ’Ἅλιόν
703 1693 745 1716 τε
770 1675 961 1726 Νοήμονά
985 1693 1027 1717 τε
1052 1677 1252 1728 Πρύτανίν
1275 1693 1331 1716 τε.

214 1743 280 1782 καί
301 1742 348 1782 νύ
372 1741 404 1781 κ’
430 1742 485 1782 ἔτι
512 1741 684 1784 πλέονας
709 1744 864 1783 Λυκίων
889 1742 1006 1783 κτάνε
1030 1745 1110 1784 δῖος
1135 1742 1367 1789 Ὀδυσσεύς,

215 1809 248 1847 εἰ
272 1808 324 1858 μὴ
350 1808 409 1859 ἄρ’
435 1807 504 1858 ὀξὺ
530 1809 651 1859 νόησε
676 1806 800 1861 μέγας
827 1811 1079 1861 κορυθαίολος
1097 1808 1267 1860 ”Εκτωρ·

213 1876 269 1924 βῆ
295 1876 336 1914 δὲ
362 1876 424 1914 διὰ
448 1875 662 1928 προμάχων
690 1873 970 1927 κεκορυθμένος
995 1877 1127 1915 αἴθοπι
1152 1879 1300 1929 χαλκῷ,

215 1943 325 1991 δεῖμα
351 1939 484 1993 φέρων
511 1946 717 1982 Δαναοῖσι·
756 1941 858 1994 χάρη
885 1941 918 1981 δ’
943 1941 1018 1994 ἄρα
1042 1944 1077 1982 οἱ
1102 1942 1309 1994 προσιόντι

215 2008 431 2058 Σαρπηδὼν
458 2007 554 2050 Διὸς
579 2010 671 2055 υἱός,
699 2009 792 2050 ἔπος
817 2007 848 2048 δ’
874 2007 1096 2060 ὀλοφυδνὸν
1122 2007 1239 2048 ἔειπε·

156 2113 160 2116 ⁴
217 2075 241 2090 “
260 2075 472 2125 Πριαμίδη,
499 2074 550 2124 μὴ
576 2074 621 2125 δή
647 2092 696 2125 με
722 2075 824 2126 ἕλωρ
852 2078 1073 2115 Δαναοῖσιν
1099 2073 1220 2130 ἐάσῃς

216 2143 381 2186 κεῖσθαι,
409 2140 500 2180 ἀλλ’
523 2140 734 2191 ἐπάμυνον·
772 2141 906 2182 ἔπειτά
929 2159 978 2193 με
1004 2142 1064 2181 καὶ
1088 2141 1199 2181 λίποι
1224 2140 1319 2181 αἰὼν

214 2207 257 2246 ἐν
281 2207 395 2246 πόλει
419 2205 596 2263 ὑμετέρῃ,
624 2209 709 2248 ἐπεὶ
733 2208 802 2248 οὐκ
826 2208 885 2259 ἄρ’
911 2208 1080 2258 ἔμελλον
1106 2208 1231 2259 ἔγωγε

1473 485 1537 517 660

1473 817 1536 858 665

1471 1149 1537 1189 670

1470 1812 1536 1843 680

1472 2143 1534 2182 685

258 2296 322 2332 656
346 2295 469 2338 ἁμαρτῇ
496 2296 589 2328 Hdn.
616 2298 729 2338 vulg:
754 2299 878 2340 ἁμαρ-νὴ
901 2299 958 2331 Ar.
980 2310 986 2329 :
1018 2301 1139 2340 ὁμαρτῇ
1156 2301 1366 2337 berg-101),
1391 2308 1423 2329 v.
1440 2298 1459 2329 l.
1487 2309 1538 2338 ap.

218 2338 308 2369 EuSt.
399 2340 461 2377 657
486 2342 570 2380 ἤϊξεν
582 2340 624 2388 ῺῙ
715 2343 775 2372 66Ι
803 2342 980 2380 βεβλήκειν
1000 2342 1059 2372 ΑΓ.
1073 2342 1103 2370 Α
1116 2352 1162 2372 SS.
1181 2341 1207 2370 Β
1221 2341 1272 2371 Ge
1285 2340 1345 2370 V20
1360 2352 1367 2371 ζ
1393 2354 1454 2373 -κει
1472 2347 1535 2372 cet·

301 2382 364 2420 665
389 2382 427 2413 τό
444 2384 471 2413 οἱ
488 2393 517 2413 v.
535 2384 554 2414 l.
575 2390 641 2415 ant.
732 2387 795 2423 667
821 2385 890 2426 ]φις
909 2384 1022 2425 έποντ[
1041 2383 1100 2432 pm
1118 2390 1152 2415 ut
1171 2385 1256 2416 coni.
1280 2384 1473 2415 Brandreth

216 2426 281 2454 686
305 2424 376 2465 οὐκ]
394 2426 459 2456 οὐδ’
476 2435 529 2463 cg·

1654 291 1656 298 .
1649 212 1660 276 --Αιφι
