1660 2802
644 126 703 160 11.
779 120 1034 158 ῙᾹΙΑΔΟΣ
1082 124 1114 158 A

219 219 338 271 αὐτὰρ
363 222 452 261 ἐπεί
471 221 513 273 ῥ’
538 222 640 271 ἥβης
668 221 861 272 ἐρικυδέος
887 223 991 262 ἵκετο
1015 222 1169 274 μέτρον,

217 285 333 324 αὐτοῦ
356 303 424 337 μιν
451 287 646 339 κατέρυκε,
675 288 781 328 δίδου
808 287 840 327 δ’
866 290 888 328 ὅ
911 305 957 340 γε
983 289 1177 341 θυγατέρα
1200 290 1262 340 ἥν·

217 350 343 403 γήμας
367 353 400 392 δ’
430 355 471 393 ἐκ
498 354 692 404 θαλάμοιο
717 356 816 404 μετὰ
842 354 956 396 κλέος
981 355 1074 396 ἵκετ’
1100 355 1278 409 Ἀχαιῶν

218 417 292 458 σὺν
317 420 546 459 δυοκαίδεκα
570 421 686 470 νηυσὶ
714 421 936 472 κορωνίσιν,
964 423 1006 462 αἵ
1027 423 1063 462 οἱ
1090 423 1244 463 ἕποντο.

217 486 285 527 τὰς
309 487 380 535 μὲν
405 485 525 526 ἔπειτ’
552 488 594 527 ἐν
621 487 812 542 Περκώτῃ
837 489 931 528 λίπε
956 490 1051 538 νῆας
1077 488 1200 535 ἐΐσας,

217 550 337 603 αὐτὰρ
363 552 383 590 ὁ
407 552 522 602 πεζὸς
547 553 620 592 ἐὼν
647 554 701 594 εἰς
720 552 848 594 Ἴλιον
874 555 1109 604 εἰληλούθει·

216 618 259 659 ὅς
282 619 330 669 ῥα
355 617 434 658 τότ’
459 618 668 671 Ἀτρεΐδεω
694 618 991 672 Ἀγαμέμνονος
1016 621 1150 662 ἀντίον
1174 621 1309 672 ἦλθεν.

217 686 253 724 οἱ
278 684 309 723 δ’
334 685 400 725 ὅτε
426 684 469 735 δὴ
497 685 643 738 σχεδὸν
668 685 772 736 ἦσαν
797 686 859 727 ἐπ’
886 686 1127 737 ἀλλήλοισιν
1153 689 1291 734 ἰόντες,

217 749 418 803 Ἀτρεΐδης
442 754 515 802 μὲν
539 751 700 804 ἅμαρτε,
728 754 848 805 παραὶ
873 753 917 794 δέ
941 756 977 794 οἱ
1002 753 1180 807 ἐτράπετ’
1205 754 1336 808 ἔγχος,

217 816 423 870 Ἰφιδάμας
449 821 490 860 δὲ
517 821 612 859 κατὰ
639 819 762 870 ζώνην
789 821 962 872 θώρηκος
986 821 1119 873 ἔνερθε

218 883 317 935 νύξ’,
346 886 408 925 ἐπὶ
434 885 466 925 δ’
492 885 605 928 αὐτὸς
629 886 771 938 ἔρεισε,
799 889 943 943 βαρείῃ
968 889 1070 940 χειρὶ
1094 887 1279 939 πιθήσας·

218 951 296 991 οὐδ’
324 952 432 1003 ἔτορε
459 953 638 1004 ζωστῆρα
662 954 895 999 παναίολον,
923 955 1030 994 ἀλλὰ
1055 954 1155 995 πολὺ
1180 956 1272 1007 πρὶν

218 1018 370 1072 ἀργύρῳ
397 1019 588 1069 ἀντομένη
613 1020 784 1070 μόλιβος
810 1021 861 1062 ὣς
887 1020 1066 1072 ἐτράπετ’
1091 1020 1227 1074 αἰχμή.

219 1084 281 1124 καὶ
305 1085 351 1124 τό
374 1102 419 1137 γε
444 1087 546 1139 χειρὶ
571 1087 714 1136 λαβὼν
740 1086 828 1138 εὐρὺ
855 1089 994 1139 κρείων
1018 1087 1279 1140 Ἀγαμέμνων

219 1150 301 1191 ἕλκ’
326 1152 389 1192 ἐπὶ
414 1153 453 1192 οἶ
473 1153 630 1202 μεμαὼς
655 1153 706 1194 ὥς
731 1170 773 1194 τε
796 1155 872 1200 λίς,
902 1155 942 1194 ἐκ
968 1154 1001 1194 δ’
1027 1154 1102 1206 ἄρα
1125 1154 1256 1208 χειρὸς

219 1217 445 1258 σπάσσατο·
483 1219 551 1259 τὸν
575 1218 606 1258 δ’
633 1219 718 1270 ἄορι
743 1217 866 1270 πλῆξ’
892 1220 1054 1273 αὐχένα,
1081 1224 1180 1261 λῦσε
1205 1223 1247 1262 δὲ
1271 1225 1374 1274 γυῖα.

220 1285 270 1326 ὣς
294 1285 314 1323 ὁ
336 1287 408 1335 μὲν
434 1285 521 1326 αὖθι
546 1287 679 1326 πεσὼν
707 1285 925 1336 κοιμήσατο
949 1286 1124 1340 χάλκεον
1149 1288 1272 1328 ὕπνον

220 1352 383 1403 οἰκτρός,
412 1352 488 1392 ἀπὸ
513 1355 691 1403 μνηστῆς
718 1353 881 1405 ἀλόχου,
911 1354 1097 1394 ἀστοῖσιν
1123 1352 1293 1406 ἀρήγων,

221 1418 423 1469 κουριδίης,
450 1418 495 1468 ἧς
520 1419 564 1458 οὔ
589 1436 625 1459 τι
649 1418 766 1471 χάριν
793 1421 861 1464 ἴδε,
890 1422 1023 1460 πολλὰ
1049 1420 1082 1460 δ’
1110 1420 1242 1460 ἔδωκε·

220 1483 338 1536 πρῶθ’
365 1484 504 1524 ἑκατὸν
529 1488 628 1535 βοῦς
653 1488 785 1530 δῶκεν,
815 1486 949 1526 ἔπειτα
975 1488 1015 1526 δὲ
1042 1486 1140 1539 χίλι’
1165 1486 1328 1538 ὑπέστη,

220 1551 333 1602 αἶγας
358 1552 453 1601 ὁμοῦ
479 1552 539 1591 καὶ
566 1552 636 1597 ὄϊς,
663 1551 711 1591 τά
736 1553 772 1592 οἱ
797 1551 951 1592 ἄσπετα
976 1554 1243 1603 ποιμαίνοντο.

220 1617 265 1667 δὴ
290 1618 379 1657 τότε
404 1617 440 1670 γ’
466 1617 667 1669 Ἀτρεΐδης
693 1617 953 1670 Ἀγαμέμνων
979 1617 1188 1671 ἐξενάριξε,

219 1686 274 1735 βῆ
301 1686 341 1724 δὲ
367 1684 500 1736 φέρων
524 1683 584 1724 ἀν’
611 1685 750 1733 ὅμιλον
777 1683 956 1737 Ἀχαιῶν
980 1687 1122 1739 τεύχεα
1148 1684 1261 1726 καλά.

285 1750 367 1791 Τὸν
392 1751 424 1790 δ’
451 1751 500 1792 ὡς
525 1751 591 1791 οὖν
615 1752 758 1801 ἐνόησε
785 1752 911 1797 Κόων,
939 1752 1174 1804 ἀριδείκετος
1198 1753 1364 1804 ἀνδρῶν,

221 1818 496 1869 πρεσβυγενὴς
521 1817 813 1869 Ἀντηνορίδης,
841 1819 1030 1871 κρατερόν
1054 1818 1103 1871 ῥά
1127 1821 1143 1859 ἑ
1170 1818 1313 1860 πένθος

220 1884 451 1936 ὀφθαλμοὺς
475 1883 653 1937 ἐκάλυψε
681 1884 935 1937 κασιγνήτοιο
960 1886 1168 1928 πεσόντος.

222 1953 296 2000 στῆ
321 1950 354 1990 δ’
380 1949 499 2002 εὐρὰξ
521 1951 593 1990 σὺν
619 1952 724 2002 δουρὶ
752 1952 885 1991 λαθὼν
911 1951 1188 2004 Ἀγαμέμνονα
1213 1954 1308 1998 δῖον,

221 2016 311 2066 νύξε
337 2017 378 2057 δέ
401 2034 468 2068 μιν
494 2019 589 2056 κατὰ
613 2021 728 2070 χεῖρα
752 2018 880 2068 μέσην
906 2019 1081 2070 ἀγκῶνος
1107 2019 1252 2071 ἔνερθε,

222 2083 380 2135 ἀντικρὺ
404 2085 446 2124 δὲ
470 2083 608 2136 διέσχε
634 2088 799 2136 φαεινοῦ
825 2085 960 2136 δουρὸς
985 2084 1128 2135 ἀκωκή.

220 2149 386 2202 ῥίγησέν
411 2149 444 2190 τ’
469 2149 528 2202 ἄρ’
554 2150 687 2190 ἔπειτα
712 2151 814 2202 ἄναξ
834 2153 985 2203 ἀνδρῶν
1010 2151 1281 2204 Ἀγαμέμνων·

223 2216 313 2256 ἀλλ’
338 2216 418 2257 οὐδ’
445 2218 497 2258 ὥς
523 2217 697 2268 ἀπέληγε
721 2217 851 2270 μάχης
875 2218 943 2268 ἠδὲ
967 2218 1193 2269 πτολέμοιο,

223 2282 314 2322 ἀλλ’
338 2284 533 2335 ἐπόρουσε
560 2285 689 2324 Κόωνι
717 2286 820 2337 ἔχων
846 2285 1111 2337 ἀνεμοτρεφὲς
1137 2285 1270 2338 ἔγχος.

1481 238 1542 269 225

1481 569 1545 602 ²30

1483 903 1544 934 235

1483 1235 1546 1266 240

1484 1567 1545 1597 245

1481 1898 1547 1928 250

1486 2229 1547 2260 255

263 2388 326 2416 230
345 2377 588 2411 εὼμειῑὼνΑπ.
608 2378 761 2419 ςδιχῶςῑιι
786 2377 1262 2411 ιὼναιΑεεᾸΔὸιψΜῑουῖ
1345 2389 1406 2418 244
1424 2378 1544 2420 πρόσω,

219 2434 270 2462 ‘rp-
293 2419 347 2450 1⁴¹⁴
