1629 2828
523 120 555 156 1.
631 114 890 154 ΙΛΙΑΔΟΣ
948 117 983 154 Α

96 217 182 260 οὐδέ
205 235 241 259 τι
266 216 348 259 οἶδε
371 219 513 269 νοῆσαι
539 217 619 270 ἅμα
643 219 808 271 πρόσσω
835 219 898 259 καὶ
921 220 1092 266 ὀπίσσω,

95 286 229 327 ὅππως
252 286 288 325 οἳ
313 286 416 337 παρὰ
441 285 558 335 νηυσὶ
583 286 670 326 σόοι
695 285 906 338 μαχέοιντο
932 285 1129 338 Ἀχαιοί.”

154 350 232 393 ὁΩς
257 350 374 403 φάτο,
402 350 635 403 Πάτροκλος
660 354 702 392 δὲ
726 353 832 406 φίλῳ
858 353 1077 392 ἐπεπείθεθ’
1103 354 1254 408 ἑταίρῳ,
1351 367 1411 398 345

94 419 135 458 ἐκ
159 417 192 458 δ’
217 417 341 469 ἄγαγε
366 419 523 468 κλισίης
548 417 739 470 Βρισηΐδα
765 418 1047 475 καλλιπάρῃον,

94 487 191 525 δῶκε
215 483 247 524 δ’
272 483 396 535 ἄγειν·
433 485 486 524 τὼ
512 483 545 524 δ’
571 485 678 526 αὖτις
703 486 788 535 ’ίτην
814 486 918 537 παρὰ
941 488 1038 535 νῆας
1061 484 1249 538 Ἀχαιῶν·

93 551 116 601 ἡ
141 549 174 591 δ’
200 549 354 591 ἀέκουσ’
380 549 459 600 ἅμα
484 554 588 591 τοῖσι
613 550 708 603 γυνὴ
735 551 828 592 κίεν·
867 551 985 603 αὐτὰρ
1012 551 1225 604 Ἀχιλλεὺς

94 617 288 670 δακρύσας
313 616 461 669 ἑτάρων
486 617 593 670 ἄφαρ
621 618 728 668 ἕζετο
752 618 878 670 νόσφι
901 619 1096 664 λιασθείς,

95 683 166 724 θῖν’
191 683 256 736 ἔφ’
281 683 377 725 ἁλὸς
402 686 554 734 πολιῆς,
584 684 708 736 ὁρόων
734 683 794 725 ἐπ’
820 685 1007 736 ἀπείρονα
1031 685 1188 725 πόντον·
1348 697 1411 729 350

93 751 224 790 πολλὰ
249 752 289 791 δὲ
314 751 428 803 μητρὶ
455 752 554 807 φίλῃ
581 750 755 802 ἠρήσατο
780 755 915 804 χεῖρας
939 752 1112 803 ὀρεγνύς·

95 818 266 868 (ιμῆτερ,
294 817 381 857 ἐπεί
401 816 440 868 μ’
466 816 595 859 ἔτεκές
620 835 665 869 γε
689 817 939 868 μινυνθάδιόν
964 835 1035 869 περ
1061 819 1188 864 ἐόντα,

93 881 206 933 τιμήν
231 882 303 935 πέρ
328 899 392 934 μοι
417 885 592 936 ὄφελλεν
618 883 838 935 Ὀλύμπιος
861 882 1091 936 ἐγγυαλίξαι

93 949 191 991 Ζεὺς
215 949 496 1001 ὑψιβρεμέτης·
536 954 602 991 νῦν
626 950 658 990 δ’
684 950 772 991 οὐδέ
795 968 843 1001 με
868 950 1006 991 τυτθὸν
1033 951 1197 992 ἕτεισεν·

92 1014 116 1065 ἦ
140 1015 214 1067 γάρ
239 1015 278 1066 μ’
305 1015 504 1069 Ἀτρεΐδης
531 1016 618 1069 εὐρὺ
645 1033 780 1068 κρειων
806 1016 1068 1097 Ἀγαμεμνων
1243 1014 1252 1052 ἱ
1349 1029 1410 1060 355

92 1081 295 1132 ἠτιμησεν·
334 1083 435 1122 ἑλὼν
461 1100 534 1135 γαρ
560 1083 644 1135 ἔχει
669 1082 797 1135 γέρας,
827 1082 942 1125 αὐτὸς
967 1082 1177 1143 &woszqsff'
1163 1136 1211 1162 'a
1224 1053 1256 1140 ²

153 1146 231 1190 Ως
257 1148 360 1200 φάτο
385 1148 503 1200 δάκρυ
528 1148 643 1201 χέων,
671 1153 739 1189 τοῦ
763 1149 795 1189 δ’
820 1149 934 1190 ἔκλυε
958 1150 1098 1190 πότνια
1122 1136 1246 1200 μήτηρ

93 1213 211 1265 ἡμένη
239 1216 278 1255 ἐν
303 1214 523 1265 βένθεσσιν
547 1215 642 1257 ἁλὸς
668 1217 773 1267 παρὰ
799 1216 915 1267 πατρὶ
940 1214 1107 1268 γέροντι

94 1281 345 1333 καρπαλίμως
369 1280 402 1321 δ’
429 1279 544 1322 ἀνέδυ
568 1284 709 1332 πολιῆς
734 1282 830 1324 ἁλὸς
854 1281 937 1332 ἠΰτ’
963 1283 1122 1335 ὀμίχλη,

94 1348 159 1387 καί
178 1348 227 1399 ῥα
250 1347 403 1399 πάροιθ’
429 1347 562 1389 αὐτοῖο
588 1346 770 1398 καθέζετο
795 1348 912 1400 δάκρυ
938 1347 1114 1402 χέοντος,
1347 1351 1408 1391 360

92 1414 197 1466 χειρί
218 1431 261 1454 τε
285 1431 351 1464 μιν
376 1412 641 1466 κατέρεξεν,”
621 1432 714 1457 επος
738 1414 769 1454 τ’
795 1414 909 1466 ἔφατ’
935 1415 976 1456 ἔκ
1001 1415 1034 1455 τ’
1059 1415 1237 1466 ὀνόμαζε·

95 1477 283 1527 “τέκνον,
310 1481 349 1521 τί
372 1482 538 1527 κλαίεις,·
576 1483 616 1521 τί
638 1480 679 1522 δέ
706 1498 752 1522 σε
779 1480 967 1534 φρένας
953 1499 1054 1522 ικετο
1079 1480 1239 1528 πένθος;

93 1543 301 1597 ἐξαύδα,μ
274 1564 326 1597 μη
354 1549 464 1588 κεῦθε
488 1548 576 1601 νόῳ,
606 1564 667 1587 ινα
692 1550 844 1598 εἴδομεν
870 1547 1028 1600 ἄμφω.”

158 1612 242 1662 Την
267 1615 308 1653 δὲ
333 1613 436 1664 βαρὺ
461 1613 667 1666 στενάχων
692 1612 876 1666 προσεφη
902 1615 1023 1656 πόδας
1048 1614 1145 1656 ὠκὺς
1165 1612 1391 1666 Ἀχιλλεύς·

97 1680 122 1696 “
137 1678 266 1719 οἶσθα·
303 1680 364 1729 τίη
390 1696 449 1720 τοι
468 1683 587 1720 ταῦτα
612 1681 711 1735 ἰδυίῃ
736 1679 851 1720 πάντ’
876 1680 1068 1732 ἀγορεύω;
1348 1682 1407 1723 365

94 1744 257 1800 ᾠχόμεθ’
283 1747 323 1787 ἐς
349 1744 507 1797 Θήβην,
537 1746 642 1798 ἱερὴν
666 1747 783 1787 πόλιν
808 1745 1033 1791 Ἠετίωνος,

94 1810 163 1861 τὴν
188 1813 229 1852 δὲ
254 1810 513 1864 διεπράθομέν
539 1828 580 1853 τε
606 1812 668 1852 καὶ
692 1811 838 1864 ἤγομεν
864 1811 1001 1853 ἐνθάδε
1025 1811 1164 1853 πάντα·

96 1878 157 1918 καὶ
181 1879 229 1917 τὰ
252 1879 324 1928 μὲν
349 1878 391 1918 εὖ
415 1878 618 1918 δάσσαντο
643 1880 741 1928 μετὰ
768 1879 914 1930 σφίσιν
938 1879 1016 1920 υἷες
1042 1878 1230 1931 Ἀχαιῶν,

95 1943 136 1983 ἐκ
160 1942 192 1982 δ’
219 1943 310 1984 ἔλον
335 1943 515 2000 Ἀτρεΐδῃ
541 1943 746 1996 Χρυσηΐδα
772 1944 1055 2000 καλλιπάρῃον.

94 2008 253 2060 Χρύσης
277 2009 310 2049 δ’
336 2009 420 2050 αὖθ’
447 2010 568 2062 ἱερεὺς
593 2012 840 2061 ἑκατηβόλου
864 2010 1122 2052 Ἀπόλλωνος
1348 2021 1409 2053 370

95 2072 191 2124 ἦλθε
215 2077 308 2117 θοὰς
332 2077 396 2117 ἐπὶ
419 2079 514 2127 νῆας
539 2076 715 2129 Ἀχαιῶν
739 2077 1047 2130 χαλκοχιτώνων

95 2142 311 2191 λυσόμενός
336 2158 379 2182 τε
403 2143 575 2195 θύγατρα
600 2141 733 2195 φέρων
758 2143 790 2182 τ’
817 2142 1008 2195 ἀπερείσι’
1033 2142 1188 2187 ἄποινα,

95 2205 282 2258 στέμματ’
308 2207 411 2260 ἔχων
436 2210 477 2249 ἐν
501 2209 641 2262 χερσὶν
667 2210 863 2260 ἑκηβόλου
883 2209 1140 2250 Ἀπόλλωνος

135 2305 197 2335 344
220 2297 462 2338 μαχέονταινε
478 2298 532 2339 (ci.
548 2298 730 2339 Thiersch)
821 2308 886 2339 350
910 2299 958 2331 ἐπ’
974 2299 1123 2341 ἀπείρονα
1135 2298 1219 2329 An:
1246 2300 1296 2331 επὶ
1310 2302 1418 2331 οἴνοπα

94 2339 189 2371 codd.
321 2350 381 2380 351
408 2340 588 2383 ὀρεγνύς]’
575 2342 717 2376 αναπτάς
734 2342 838 2374 Zen.:
864 2343 1062 2382 ἀνασχώνν.
1079 2342 1098 2372 l.
1118 2347 1185 2373 ant.
1211 2344 1257 2383 (
1274 2342 1351 2383 450)
