1624 2802
540 151 577 185 6.
650 147 911 185 ΙΛΙΑΔΟΣ
959 147 990 184 Ζ

106 247 222 290 παῖδά
246 264 286 289 τε
313 249 508 301 νηπίαχον
533 249 595 289 καὶ
621 247 679 300 ἔμ’
707 248 897 301 ἄμμορον,
924 249 946 300 ἢ
974 249 1077 302 τάχα
1101 248 1202 302 χήρη

107 319 175 355 σεῦ
198 313 351 366 ἔσομαι’
387 314 491 368 τάχα
513 314 588 368 γάρ
615 333 662 356 σε
688 315 1021 356 κατακτανέουσιν
1046 315 1203 368 Ἀχαιοὶ

106 380 245 422 πάντες
270 381 572 434 ἐφορμηθέντες·
609 382 696 433 ἐμοὶ
721 382 764 422 δέ
789 399 830 422 κε
857 382 1009 434 κέρδιον
1035 383 1091 432 εἴη
1364 396 1425 427 410

105 451 175 488 σεῦ
198 448 484 504 ἀφαμαρτούσῃ
509 449 636 501 χθόνα
661 448 835 499 δύμεναι·
873 449 918 488 οὐ
941 451 1016 501 γὰρ
1043 447 1096 489 ἔτ’
1121 448 1224 499 ἄλλη

104 513 216 555 ἔσται
240 514 439 567 θαλπωρή,
469 515 552 555 ἐπεὶ
578 515 626 555 ἂν
652 515 703 555 σύ
726 533 773 568 γε
802 516 953 566 πότμον
979 517 1164 572 ἐπίσπῃς,

104 580 193 621 ἀλλ’
217 580 315 634 ἄχε’·
353 581 442 622 οὐδέ
466 598 533 632 μοι
558 581 645 622 ἔστι
670 582 797 634 πατὴρ
824 583 885 622 καὶ
912 583 1050 622 πότνια
1073 581 1211 634 μήτηρ.

103 647 188 698 ἤτοι
211 649 285 700 γὰρ
309 647 444 700 πατέρ’
470 647 569 699 ἁμὸν
595 648 788 689 ἀπέκτανε
815 651 895 689 δῖος
920 648 1145 702 Ἀχιλλεύς,

104 715 145 754 ἐκ
169 716 209 755 δὲ
235 714 354 755 πόλιν
378 714 525 767 πέρσεν
552 716 727 755 Κιλίκων
753 715 794 755 εὖ
818 714 1088 761 ναιετάουσαν,
1361 729 1424 760 4¹5

104 780 248 831 Θήβην
272 781 488 833 ὑψίπυλον·
529 783 625 821 κατὰ
651 781 684 821 δ’
711 782 871 822 ἔκτανεν
896 781 1104 828 Ἠετίωνα,

103 846 191 887 οὐδέ
213 863 278 898 μιν
304 846 513 899 ἐξενάριξε,
543 847 782 898 σεβάσσατο
808 849 882 901 γὰρ
906 848 954 888 τό
976 865 1022 900 γε
1047 850 1165 903 θυμῷ,

103 913 192 953 ἀλλ’
215 913 289 965 ἄρα
311 930 377 965 μιν
404 914 566 964 κατέκηε
594 915 668 955 σὺν
694 915 826 955 ἔντεσι
850 914 1119 955 δαιδαλέοισιν

101 979 158 1030 ἠδ’
183 980 245 1020 ἐπὶ
270 979 363 1031 σῆμ’
389 980 514 1033 ἔχεεν·
554 982 642 1033 περὶ
669 983 711 1022 δὲ
737 981 905 1023 πτελέας
929 981 1152 1033 ἐφύτευσαν

102 1046 249 1098 νύμφαι
273 1046 510 1098 ὀρεστιάδες,
544 1051 675 1099 κοῦραι
702 1047 797 1090 Διὸς
821 1048 1030 1100 αἰγιόχοιο.
1358 1062 1422 1091 420

102 1112 137 1152 οἳ
161 1111 202 1152 δέ
225 1129 292 1163 μοι
316 1115 413 1154 ἑπτὰ
441 1115 673 1166 κασίγνητοι
698 1115 796 1155 ἕσαν
822 1115 864 1154 ἐν
888 1113 1132 1166 μεγάροισιν,

102 1180 137 1219 οἱ
160 1181 232 1230 μὲν
256 1178 400 1222 πάντες
426 1181 469 1234 ἰῷ
497 1182 579 1221 κίον
607 1180 724 1232 ἤματι
742 1179 878 1222 ’Ἄϊδος
905 1182 1012 1220 εἵσω·

102 1244 248 1288 πάντας
272 1248 347 1298 γὰρ
373 1246 595 1299 κατέπεφνε
622 1246 819 1299 ποδάρκης
844 1249 925 1288 δῖος
950 1246 1162 1300 Ἀχιλλεὺς

100 1312 244 1362 βουσὶν
270 1312 330 1353 ἐπ’
356 1314 607 1354 εἰλιπόδεσσι
634 1314 695 1353 καὶ
722 1314 913 1370 ἀργεννῇς
937 1312 1081 1353 ὀΐεσσι.

100 1379 245 1430 μητέρα
269 1378 315 1425 δ’,
342 1378 365 1429 ἢ
390 1381 610 1431 βασίλευεν
636 1380 712 1420 ὑπὸ
739 1379 888 1434 Πλάκῳ
913 1379 1108 1436 ὑληέσσῃ,
1358 1394 1419 1424 425

100 1444 169 1494 τὴν
194 1445 278 1486 ἐπεὶ
303 1445 350 1497 ἂρ
376 1446 476 1498 δεῦρ’
502 1446 619 1499 ἤγαγ’
644 1445 708 1498 ἅμ’
733 1446 896 1486 ἄλλοισι
923 1445 1169 1493 κτεάτεσσιν,

101 1510 160 1563 ἂψ
184 1512 206 1551 ὅ
229 1529 274 1565 γε
298 1512 370 1562 τὴν
395 1512 572 1553 ἀπέλυσε
598 1514 739 1564 λαβὼν
765 1512 958 1565 ἀπερείσι’
984 1512 1139 1559 ἄποινα,

101 1577 243 1630 πατρὸς
268 1578 300 1619 δ’
327 1580 369 1619 ἐν
393 1579 605 1632 μεγάροισι
629 1578 726 1630 βάλ’
746 1579 931 1631 ’Ἄρτεμις
958 1579 1146 1632 ἰοχέαιρα.

93 1642 250 1697 ’Έκτορ,
278 1646 374 1697 ἀτὰρ
400 1647 451 1686 σύ
474 1648 544 1697 μοί
569 1647 662 1686 ἐσσι
688 1646 813 1697 πατὴρ
840 1646 901 1686 καὶ
927 1646 1066 1686 πότνια
1089 1645 1214 1697 μήτηρ

100 1709 167 1760 ἠδὲ
193 1713 441 1764 κασίγνητος,
469 1713 519 1753 σὺ
545 1712 587 1754 δέ
609 1730 675 1764 μοι
703 1712 869 1764 θαλερὸς
894 1713 1143 1763 παρακοίτης·
1356 1725 1420 1756 430

99 1776 189 1816 ἀλλ’
214 1777 285 1830 ἄγε
314 1783 381 1819 νῦν
406 1780 559 1831 ἐλέαιρε
586 1780 647 1820 καὶ
672 1779 789 1819 αὐτοῦ
812 1778 919 1830 μίμν’
946 1779 1009 1819 ἐπὶ
1035 1778 1180 1832 πύργῳ,

99 1842 149 1893 μὴ
175 1845 278 1885 παῖδ’
303 1846 517 1898 ὀρφανικὸν
544 1845 640 1902 θήῃς
663 1846 788 1899 χήρην
814 1862 856 1886 τε
881 1848 1058 1897 γυναῖκα·

98 1909 196 1951 λαὸν
219 1913 260 1952 δὲ
286 1915 438 1963 στῆσον
463 1913 553 1964 παρ’
580 1914 742 1964 ἐρινεόν,
771 1913 864 1952 ἔνθα
888 1911 1064 1962 μάλιστα

100 1976 275 2027 ἀμβατός
300 1979 387 2019 ἐστι
416 1981 531 2021 πόλις
557 1980 618 2020 καὶ
649 1981 861 2031 ἐπίδρομον
887 1979 1030 2018 ἔπλετο
1055 1980 1199 2030 τεῖχος.

99 2042 179 2093 τρὶς
202 2046 275 2096 γὰρ
299 2051 346 2102 τῇ
370 2045 408 2098 γ’
434 2048 616 2088 ἐλθόντες
640 2042 896 2098 νἐπειρήσανθ’
923 2046 958 2084 οἱ
983 2044 1138 2096 ἄριστοι
1354 2056 1416 2086 435

100 2108 197 2161 ἀμφ’
223 2112 366 2152 Αἴαντε
391 2113 466 2153 δύω
493 2114 553 2153 καὶ
580 2112 801 2166 ἀγακλυτὸν
826 2112 1032 2162 Ἰδομενῆα

101 2172 156 2222 ’ἧδ’
182 2176 281 2228 ἄμφ’
304 2176 504 2230 Ἀτρεΐδας
529 2181 592 2220 καὶ
616 2179 762 2220 Τυδέος
787 2178 954 2229 ἄλκιμον
979 2178 1075 2217 υἱόν·

977 2244 1038 2259 arx!

97 2238 122 2289 ἤ
145 2242 221 2281 πού
242 2243 300 2284 τίς
325 2250 425 2297 σφιν
450 2245 589 2286 ἔνισπε
614 2246 861 2298 θεοπροπίων
888 2243 928 2284 ἐῢ
953 2255 1074 2288 ειοως,

137 2335 200 2371 408
225 2335 302 2374 ἐμὸν
317 2334 413 2376 μόρον
430 2346 458 2366 ν.
473 2336 495 2367 1.
515 2340 582 2367 ant.
762 2346 824 2374 4¹5
853 2336 1062 2368 ναιετάουσαν
1079 2347 1097 2367 c
1109 2347 1194 2374 epq
1209 2337 1249 2367 al.
1267 2347 1274 2368 ε
1298 2337 1418 2370 -οίωσαν

97 2377 180 2415 vulg.
200 2389 207 2407 ε
229 2377 349 2410 -όωσαν
365 2377 424 2408 Ar.
523 2388 585 2418 434
610 2379 740 2417 ἀμβατή
755 2380 968 2410 Callistratus
1066 2389 1129 2418 435
1153 2380 1224 2422 τῇδ’
1242 2391 1271 2412 v.
1286 2380 1306 2413 l.
1325 2381 1357 2411 in
1375 2381 1416 2420 A,

97 2421 177 2452 ciT
193 2421 234 2452 al.
367 2431 428 2461 437
454 2423 598 2464 Ἀτρείδα
616 2423 712 2454 Dem.
733 2423 848 2453 Ixion:
875 2423 1040 2465 Ἀτρείδην
1060 2422 1246 2454 Ms'V15V‘0
