<?xml version="1.0" encoding="UTF-8"?>
<!DOCTYPE html PUBLIC "-//W3C//DTD XHTML 1.0 Transitional//EN"
    "http://www.w3.org/TR/xhtml1/DTD/xhtml1-transitional.dtd">
<html xmlns="http://www.w3.org/1999/xhtml" xml:lang="en" lang="en">
 <head>
  <title>
</title>
<meta http-equiv="Content-Type" content="text/html;charset=utf-8" />
  <meta name='ocr-system' content='tesseract 3.04.00' />
  <meta name='ocr-capabilities' content='ocr_page ocr_carea ocr_par ocr_line ocrx_word'/>
</head>
<body>
  <div class='ocr_page' id='page_1' title='image "./operarecognoveru01homeuoft_0019.png"; bbox 0 0 1629 2828; ppageno 0'>
   <div class='ocr_carea' id='block_1_1' title="bbox 0 0 39 2828">
    <p class='ocr_par' dir='ltr' id='par_1_1' title="bbox 0 0 39 2828">
     <span class='ocr_line' id='line_1_1' title="bbox 0 0 39 2828; baseline 0 0"><span class='ocrx_word' id='word_1_1' title='bbox 0 0 39 2828; x_wconf 95' lang='lat' dir='ltr'> </span> 
     </span>
    </p>
   </div>
   <div class='ocr_carea' id='block_1_2' title="bbox 545 129 955 172">
    <p class='ocr_par' dir='ltr' id='par_1_2' title="bbox 545 129 955 172">
     <span class='ocr_line' id='line_1_2' title="bbox 545 129 955 172; baseline 0.005 -2"><span class='ocrx_word' id='word_1_2' title='bbox 545 129 955 172; x_wconf 87' lang='lat' dir='ltr'><strong>PRAEFATIO</strong></span> 
     </span>
    </p>
   </div>
   <div class='ocr_carea' id='block_1_3' title="bbox 88 242 1432 2360">
    <p class='ocr_par' dir='ltr' id='par_1_3' title="bbox 88 242 1432 2360">
     <span class='ocr_line' id='line_1_3' title="bbox 93 242 1410 298; baseline 0.002 -16"><span class='ocrx_word' id='word_1_3' title='bbox 93 242 252 282; x_wconf 79' lang='lat' dir='ltr'>nitatur</span> <span class='ocrx_word' id='word_1_4' title='bbox 282 242 440 282; x_wconf 83' lang='lat' dir='ltr'>summi</span> <span class='ocrx_word' id='word_1_5' title='bbox 473 242 617 293; x_wconf 89' lang='lat' dir='ltr'>critici,</span> <span class='ocrx_word' id='word_1_6' title='bbox 645 244 720 284; x_wconf 88' lang='lat' dir='ltr'>sed</span> <span class='ocrx_word' id='word_1_7' title='bbox 754 242 888 296; x_wconf 88' lang='lat' dir='ltr'>(quod</span> <span class='ocrx_word' id='word_1_8' title='bbox 921 243 1057 284; x_wconf 86' lang='lat' dir='ltr'>maius</span> <span class='ocrx_word' id='word_1_9' title='bbox 1088 245 1168 298; x_wconf 83' lang='lat' dir='ltr'>est)</span> <span class='ocrx_word' id='word_1_10' title='bbox 1204 244 1410 285; x_wconf 90' lang='lat' dir='ltr'>librorum</span> 
     </span>
     <span class='ocr_line' id='line_1_4' title="bbox 89 311 1293 365; baseline 0.001 -13"><span class='ocrx_word' id='word_1_11' title='bbox 89 312 297 352; x_wconf 92' lang='lat' dir='ltr'>bonorum</span> <span class='ocrx_word' id='word_1_12' title='bbox 322 317 363 352; x_wconf 94' lang='lat' dir='ltr'>et</span> <span class='ocrx_word' id='word_1_13' title='bbox 386 312 544 352; x_wconf 85' lang='lat' dir='ltr'>nostris</span> <span class='ocrx_word' id='word_1_14' title='bbox 568 311 694 365; x_wconf 86' lang='lat' dir='ltr'>longe</span> <span class='ocrx_word' id='word_1_15' title='bbox 717 313 1009 365; x_wconf 76' lang='lat' dir='ltr'>antiquiorum</span> <span class='ocrx_word' id='word_1_16' title='bbox 1032 313 1293 354; x_wconf 86' lang='lat' dir='ltr'>testimonio.</span> 
     </span>
     <span class='ocr_line' id='line_1_5' title="bbox 146 379 1411 432; baseline 0.003 -13"><span class='ocrx_word' id='word_1_17' title='bbox 146 379 269 432; x_wconf 79' lang='lat' dir='ltr'>Quae</span> <span class='ocrx_word' id='word_1_18' title='bbox 291 381 324 420; x_wconf 90' lang='lat' dir='ltr'>si</span> <span class='ocrx_word' id='word_1_19' title='bbox 349 381 487 421; x_wconf 88' lang='lat' dir='ltr'>minus</span> <span class='ocrx_word' id='word_1_20' title='bbox 515 380 729 422; x_wconf 88' lang='lat' dir='ltr'>sufficiunt</span> <span class='ocrx_word' id='word_1_21' title='bbox 756 382 810 422; x_wconf 91' lang='lat' dir='ltr'>ad</span> <span class='ocrx_word' id='word_1_22' title='bbox 840 381 1082 422; x_wconf 77' lang='lat' dir='ltr'>Aristarchi</span> <span class='ocrx_word' id='word_1_23' title='bbox 1108 382 1411 423; x_wconf 88' lang='lat' dir='ltr'>auctoritatem</span> 
     </span>
     <span class='ocr_line' id='line_1_6' title="bbox 89 447 1412 504; baseline 0.002 -15"><span class='ocrx_word' id='word_1_24' title='bbox 89 447 443 499; x_wconf 83' lang='lat' dir='ltr'>confirmandam,</span> <span class='ocrx_word' id='word_1_25' title='bbox 475 463 702 502; x_wconf 86' lang='lat' dir='ltr'>possumus</span> <span class='ocrx_word' id='word_1_26' title='bbox 739 456 996 504; x_wconf 88' lang='lat' dir='ltr'>argumento</span> <span class='ocrx_word' id='word_1_27' title='bbox 1030 465 1203 504; x_wconf 88' lang='lat' dir='ltr'>prorsus</span> <span class='ocrx_word' id='word_1_28' title='bbox 1241 452 1412 492; x_wconf 83' lang='lat' dir='ltr'>diverso</span> 
     </span>
     <span class='ocr_line' id='line_1_7' title="bbox 88 516 1413 573; baseline 0.004 -17"><span class='ocrx_word' id='word_1_29' title='bbox 88 516 202 557; x_wconf 90' lang='lat' dir='ltr'>idem</span> <span class='ocrx_word' id='word_1_30' title='bbox 240 517 417 559; x_wconf 87' lang='lat' dir='ltr'>efficere.</span> <span class='ocrx_word' id='word_1_31' title='bbox 482 518 648 559; x_wconf 86' lang='lat' dir='ltr'>Multae</span> <span class='ocrx_word' id='word_1_32' title='bbox 685 526 783 560; x_wconf 82' lang='lat' dir='ltr'>sunt</span> <span class='ocrx_word' id='word_1_33' title='bbox 820 519 1012 560; x_wconf 89' lang='lat' dir='ltr'>lectionis</span> <span class='ocrx_word' id='word_1_34' title='bbox 1044 520 1271 561; x_wconf 85' lang='lat' dir='ltr'>varietates</span> <span class='ocrx_word' id='word_1_35' title='bbox 1303 533 1413 573; x_wconf 88' lang='lat' dir='ltr'>quae</span> 
     </span>
     <span class='ocr_line' id='line_1_8' title="bbox 88 585 1432 640; baseline 0.002 -15"><span class='ocrx_word' id='word_1_36' title='bbox 88 585 129 625; x_wconf 92' lang='lat' dir='ltr'>in</span> <span class='ocrx_word' id='word_1_37' title='bbox 170 599 221 626; x_wconf 95' lang='lat' dir='ltr'>eo</span> <span class='ocrx_word' id='word_1_38' title='bbox 257 593 480 627; x_wconf 87' lang='lat' dir='ltr'>vertuntur</span> <span class='ocrx_word' id='word_1_39' title='bbox 516 594 561 628; x_wconf 87' lang='lat' dir='ltr'>ut</span> <span class='ocrx_word' id='word_1_40' title='bbox 602 587 673 627; x_wconf 90' lang='lat' dir='ltr'>alii</span> <span class='ocrx_word' id='word_1_41' title='bbox 716 586 853 628; x_wconf 92' lang='lat' dir='ltr'>fontes</span> <span class='ocrx_word' id='word_1_42' title='bbox 890 588 1175 640; x_wconf 81' lang='lat' dir='ltr'>antiquiorem</span> <span class='ocrx_word' id='word_1_43' title='bbox 1212 588 1432 640; x_wconf 64' lang='lat' dir='ltr'>vocabuli&gt;</span> 
     </span>
     <span class='ocr_line' id='line_1_9' title="bbox 91 653 1412 711; baseline 0.002 -17"><span class='ocrx_word' id='word_1_44' title='bbox 91 653 282 704; x_wconf 84' lang='lat' dir='ltr'>formam,</span> <span class='ocrx_word' id='word_1_45' title='bbox 298 655 368 695; x_wconf 88' lang='lat' dir='ltr'>alii</span> <span class='ocrx_word' id='word_1_46' title='bbox 389 669 545 697; x_wconf 86' lang='lat' dir='ltr'>novam</span> <span class='ocrx_word' id='word_1_47' title='bbox 570 656 805 708; x_wconf 87' lang='lat' dir='ltr'>praebeant</span> <span class='ocrx_word' id='word_1_48' title='bbox 827 657 882 697; x_wconf 90' lang='lat' dir='ltr'>ad</span> <span class='ocrx_word' id='word_1_49' title='bbox 904 657 1070 698; x_wconf 88' lang='lat' dir='ltr'>serioris</span> <span class='ocrx_word' id='word_1_50' title='bbox 1094 657 1264 711; x_wconf 82' lang='lat' dir='ltr'>linguae</span> <span class='ocrx_word' id='word_1_51' title='bbox 1287 669 1412 698; x_wconf 90' lang='lat' dir='ltr'>usum</span> 
     </span>
     <span class='ocr_line' id='line_1_10' title="bbox 89 723 1414 779; baseline 0.004 -17"><span class='ocrx_word' id='word_1_52' title='bbox 89 725 478 766; x_wconf 82' lang='lat' dir='ltr'>accommodatam.</span> <span class='ocrx_word' id='word_1_53' title='bbox 542 724 612 766; x_wconf 82' lang='lat' dir='ltr'>Sic</span> <span class='ocrx_word' id='word_1_54' title='bbox 649 723 699 779; x_wconf 88' lang='lat' dir='ltr'>(e.</span> <span class='ocrx_word' id='word_1_55' title='bbox 717 723 776 779; x_wconf 88' lang='lat' dir='ltr'>g.)</span> <span class='ocrx_word' id='word_1_56' title='bbox 809 725 1069 766; x_wconf 89' lang='lat' dir='ltr'>subiunctivi</span> <span class='ocrx_word' id='word_1_57' title='bbox 1101 727 1218 766; x_wconf 90' lang='lat' dir='ltr'>modi</span> <span class='ocrx_word' id='word_1_58' title='bbox 1253 726 1414 767; x_wconf 87' lang='lat' dir='ltr'>formas</span> 
     </span>
     <span class='ocr_line' id='line_1_11' title="bbox 89 791 1410 849; baseline 0.003 -17"><span class='ocrx_word' id='word_1_59' title='bbox 89 791 237 844; x_wconf 76' lang='lat' dir='ltr'>quales</span> <span class='ocrx_word' id='word_1_60' title='bbox 258 800 356 833; x_wconf 81' lang='lat' dir='ltr'>sunt</span> <span class='ocrx_word' id='word_1_61' title='bbox 381 792 551 844; x_wconf 80' lang='grc' dir='ltr'>ἐθέλωμι</span> <span class='ocrx_word' id='word_1_62' title='bbox 568 794 718 846; x_wconf 80' lang='grc' dir='ltr'>τύχωμι</span> <span class='ocrx_word' id='word_1_63' title='bbox 741 794 881 845; x_wconf 80' lang='grc' dir='ltr'>εἴπωμι</span> <span class='ocrx_word' id='word_1_64' title='bbox 900 793 1080 846; x_wconf 81' lang='grc' dir='ltr'>ἀγάγωμι</span> <span class='ocrx_word' id='word_1_65' title='bbox 1103 795 1144 835; x_wconf 84' lang='lat' dir='ltr'>in</span> <span class='ocrx_word' id='word_1_66' title='bbox 1167 795 1410 849; x_wconf 73' lang='lat' dir='ltr'>optativum</span> 
     </span>
     <span class='ocr_line' id='line_1_12' title="bbox 89 859 1412 917; baseline 0.005 -18"><span class='ocrx_word' id='word_1_67' title='bbox 89 859 294 912; x_wconf 81' lang='grc' dir='ltr'>(ἐθέλοιμι,</span> <span class='ocrx_word' id='word_1_68' title='bbox 316 860 417 916; x_wconf 87' lang='lat' dir='ltr'>etc.)</span> <span class='ocrx_word' id='word_1_69' title='bbox 441 869 664 917; x_wconf 79' lang='lat' dir='ltr'>corruptas</span> <span class='ocrx_word' id='word_1_70' title='bbox 694 863 875 904; x_wconf 76' lang='lat' dir='ltr'>restituit</span> <span class='ocrx_word' id='word_1_71' title='bbox 907 863 1037 913; x_wconf 86' lang='lat' dir='ltr'>Wolf,</span> <span class='ocrx_word' id='word_1_72' title='bbox 1061 864 1204 905; x_wconf 87' lang='lat' dir='ltr'>invitis</span> <span class='ocrx_word' id='word_1_73' title='bbox 1234 865 1412 917; x_wconf 89' lang='lat' dir='ltr'>quidem</span> 
     </span>
     <span class='ocr_line' id='line_1_13' title="bbox 89 930 1412 984; baseline 0.004 -15"><span class='ocrx_word' id='word_1_74' title='bbox 89 930 310 972; x_wconf 79' lang='lat' dir='ltr'>codicibus</span> <span class='ocrx_word' id='word_1_75' title='bbox 343 932 557 984; x_wconf 88' lang='lat' dir='ltr'>plerisque</span> <span class='ocrx_word' id='word_1_76' title='bbox 593 934 667 974; x_wconf 88' lang='lat' dir='ltr'>sed</span> <span class='ocrx_word' id='word_1_77' title='bbox 710 931 967 973; x_wconf 86' lang='lat' dir='ltr'>Aristarcho</span> <span class='ocrx_word' id='word_1_78' title='bbox 1004 939 1177 974; x_wconf 91' lang='lat' dir='ltr'>auctore</span> <span class='ocrx_word' id='word_1_79' title='bbox 1215 933 1412 974; x_wconf 83' lang='lat' dir='ltr'>confisus.</span> 
     </span>
     <span class='ocr_line' id='line_1_14' title="bbox 92 998 1412 1055; baseline 0.002 -16"><span class='ocrx_word' id='word_1_80' title='bbox 92 998 164 1040; x_wconf 88' lang='lat' dir='ltr'>Sic</span> <span class='ocrx_word' id='word_1_81' title='bbox 185 1013 356 1054; x_wconf 95' lang='lat' dir='ltr'>quoque</span> <span class='ocrx_word' id='word_1_82' title='bbox 378 1015 456 1054; x_wconf 86' lang='lat' dir='ltr'>pro</span> <span class='ocrx_word' id='word_1_83' title='bbox 473 1001 699 1055; x_wconf 87' lang='lat' dir='ltr'>participio</span> <span class='ocrx_word' id='word_1_84' title='bbox 717 1002 896 1052; x_wconf 80' lang='grc' dir='ltr'>τεθνηώς,</span> <span class='ocrx_word' id='word_1_85' title='bbox 914 1015 1044 1055; x_wconf 90' lang='lat' dir='ltr'>quam</span> <span class='ocrx_word' id='word_1_86' title='bbox 1066 1002 1249 1043; x_wconf 91' lang='lat' dir='ltr'>formam</span> <span class='ocrx_word' id='word_1_87' title='bbox 1266 1016 1412 1042; x_wconf 85' lang='lat' dir='ltr'>veram</span> 
     </span>
     <span class='ocr_line' id='line_1_15' title="bbox 91 1069 1418 1122; baseline 0.002 -15"><span class='ocrx_word' id='word_1_88' title='bbox 91 1074 132 1107; x_wconf 87' lang='lat' dir='ltr'>et</span> <span class='ocrx_word' id='word_1_89' title='bbox 168 1069 441 1111; x_wconf 89' lang='lat' dir='ltr'>emendatam</span> <span class='ocrx_word' id='word_1_90' title='bbox 477 1084 569 1110; x_wconf 86' lang='lat' dir='ltr'>esse</span> <span class='ocrx_word' id='word_1_91' title='bbox 610 1069 903 1122; x_wconf 79' lang='lat' dir='ltr'>etymologiae</span> <span class='ocrx_word' id='word_1_92' title='bbox 944 1070 1130 1111; x_wconf 85' lang='lat' dir='ltr'>rationes</span> <span class='ocrx_word' id='word_1_93' title='bbox 1172 1071 1418 1122; x_wconf 85' lang='lat' dir='ltr'>ostendunt,</span> 
     </span>
     <span class='ocr_line' id='line_1_16' title="bbox 91 1138 1419 1192; baseline 0.002 -15"><span class='ocrx_word' id='word_1_94' title='bbox 91 1138 260 1179; x_wconf 89' lang='lat' dir='ltr'>codices</span> <span class='ocrx_word' id='word_1_95' title='bbox 281 1139 464 1180; x_wconf 83' lang='grc' dir='ltr'>τεθνειώς</span> <span class='ocrx_word' id='word_1_96' title='bbox 485 1138 708 1188; x_wconf 79' lang='lat' dir='ltr'>exhibent,</span> <span class='ocrx_word' id='word_1_97' title='bbox 725 1139 928 1179; x_wconf 89' lang='lat' dir='ltr'>nimirum</span> <span class='ocrx_word' id='word_1_98' title='bbox 951 1139 1068 1192; x_wconf 88' lang='lat' dir='ltr'>quod</span> <span class='ocrx_word' id='word_1_99' title='bbox 1090 1139 1231 1180; x_wconf 90' lang='lat' dir='ltr'>Attici</span> <span class='ocrx_word' id='word_1_100' title='bbox 1252 1139 1419 1180; x_wconf 79' lang='grc' dir='ltr'>τεθνεώς</span> 
     </span>
     <span class='ocr_line' id='line_1_17' title="bbox 92 1206 1416 1262; baseline 0.002 -16"><span class='ocrx_word' id='word_1_101' title='bbox 92 1206 295 1247; x_wconf 89' lang='lat' dir='ltr'>dicerent.</span> <span class='ocrx_word' id='word_1_102' title='bbox 369 1206 534 1248; x_wconf 87' lang='lat' dir='ltr'>Similis</span> <span class='ocrx_word' id='word_1_103' title='bbox 567 1214 630 1248; x_wconf 92' lang='lat' dir='ltr'>est</span> <span class='ocrx_word' id='word_1_104' title='bbox 669 1207 864 1248; x_wconf 89' lang='lat' dir='ltr'>condicio</span> <span class='ocrx_word' id='word_1_105' title='bbox 899 1207 1098 1248; x_wconf 86' lang='lat' dir='ltr'>vocabuli</span> <span class='ocrx_word' id='word_1_106' title='bbox 1136 1208 1300 1248; x_wconf 84' lang='grc' dir='ltr'>στείωσι</span> <span class='ocrx_word' id='word_1_107' title='bbox 1337 1221 1416 1262; x_wconf 89' lang='lat' dir='ltr'>pro</span> 
     </span>
     <span class='ocr_line' id='line_1_18' title="bbox 94 1274 1418 1331; baseline 0.003 -17"><span class='ocrx_word' id='word_1_108' title='bbox 94 1274 246 1325; x_wconf 86' lang='grc' dir='ltr'>στήωσι</span> <span class='ocrx_word' id='word_1_109' title='bbox 277 1274 455 1331; x_wconf 87' lang='lat' dir='ltr'>(quippe</span> <span class='ocrx_word' id='word_1_110' title='bbox 484 1277 635 1318; x_wconf 88' lang='grc' dir='ltr'>στέωσι</span> <span class='ocrx_word' id='word_1_111' title='bbox 668 1276 805 1317; x_wconf 81' lang='lat' dir='ltr'>forma</span> <span class='ocrx_word' id='word_1_112' title='bbox 836 1276 983 1318; x_wconf 80' lang='lat' dir='ltr'>Ionica</span> <span class='ocrx_word' id='word_1_113' title='bbox 1012 1281 1105 1330; x_wconf 79' lang='lat' dir='ltr'>est),</span> <span class='ocrx_word' id='word_1_114' title='bbox 1129 1277 1312 1317; x_wconf 83' lang='grc' dir='ltr'>καθείατο</span> <span class='ocrx_word' id='word_1_115' title='bbox 1338 1291 1418 1331; x_wconf 89' lang='lat' dir='ltr'>pro</span> 
     </span>
     <span class='ocr_line' id='line_1_19' title="bbox 94 1343 1417 1398; baseline 0 -15"><span class='ocrx_word' id='word_1_116' title='bbox 94 1343 277 1394; x_wconf 86' lang='grc' dir='ltr'>καθήατο,</span> <span class='ocrx_word' id='word_1_117' title='bbox 300 1344 408 1386; x_wconf 83' lang='grc' dir='ltr'>ἕκεια</span> <span class='ocrx_word' id='word_1_118' title='bbox 430 1359 510 1398; x_wconf 86' lang='lat' dir='ltr'>pro</span> <span class='ocrx_word' id='word_1_119' title='bbox 533 1345 641 1396; x_wconf 82' lang='grc' dir='ltr'>ἔκηα,</span> <span class='ocrx_word' id='word_1_120' title='bbox 662 1345 956 1398; x_wconf 74' lang='lat' dir='ltr'>optativorum</span> <span class='ocrx_word' id='word_1_121' title='bbox 981 1346 1088 1396; x_wconf 83' lang='grc' dir='ltr'>θείης</span> <span class='ocrx_word' id='word_1_122' title='bbox 1110 1343 1248 1396; x_wconf 85' lang='grc' dir='ltr'>δαμείη</span> <span class='ocrx_word' id='word_1_123' title='bbox 1271 1344 1417 1396; x_wconf 79' lang='grc' dir='ltr'>φανείη</span> 
     </span>
     <span class='ocr_line' id='line_1_20' title="bbox 93 1412 1417 1469; baseline 0.002 -17"><span class='ocrx_word' id='word_1_124' title='bbox 93 1415 177 1464; x_wconf 84' lang='grc' dir='ltr'>δοίη</span> <span class='ocrx_word' id='word_1_125' title='bbox 199 1426 278 1466; x_wconf 83' lang='lat' dir='ltr'>pro</span> <span class='ocrx_word' id='word_1_126' title='bbox 300 1412 395 1469; x_wconf 78' lang='grc' dir='ltr'>θήῃς</span> <span class='ocrx_word' id='word_1_127' title='bbox 417 1413 544 1469; x_wconf 80' lang='grc' dir='ltr'>δαμήῃ</span> <span class='ocrx_word' id='word_1_128' title='bbox 568 1413 701 1469; x_wconf 81' lang='grc' dir='ltr'>φανήῃ</span> <span class='ocrx_word' id='word_1_129' title='bbox 725 1415 825 1469; x_wconf 81' lang='grc' dir='ltr'>δώῃ;</span> <span class='ocrx_word' id='word_1_130' title='bbox 860 1427 1024 1454; x_wconf 77' lang='lat' dir='ltr'>necnon</span> <span class='ocrx_word' id='word_1_131' title='bbox 1057 1414 1179 1454; x_wconf 83' lang='grc' dir='ltr'>εἰδυῖα</span> <span class='ocrx_word' id='word_1_132' title='bbox 1200 1427 1279 1467; x_wconf 87' lang='lat' dir='ltr'>pro</span> <span class='ocrx_word' id='word_1_133' title='bbox 1304 1415 1417 1462; x_wconf 83' lang='grc' dir='ltr'>ἰδυῖα,</span> 
     </span>
     <span class='ocr_line' id='line_1_21' title="bbox 94 1480 1417 1537; baseline 0.002 -15"><span class='ocrx_word' id='word_1_134' title='bbox 94 1480 274 1523; x_wconf 86' lang='grc' dir='ltr'>πέποσθε</span> <span class='ocrx_word' id='word_1_135' title='bbox 289 1496 368 1536; x_wconf 83' lang='lat' dir='ltr'>pro</span> <span class='ocrx_word' id='word_1_136' title='bbox 387 1483 580 1530; x_wconf 84' lang='grc' dir='ltr'>πέπασθε,</span> <span class='ocrx_word' id='word_1_137' title='bbox 597 1481 694 1533; x_wconf 83' lang='grc' dir='ltr'>ἐπήν</span> <span class='ocrx_word' id='word_1_138' title='bbox 714 1500 754 1523; x_wconf 82' lang='grc' dir='ltr'>κε</span> <span class='ocrx_word' id='word_1_139' title='bbox 773 1496 853 1535; x_wconf 86' lang='lat' dir='ltr'>pro</span> <span class='ocrx_word' id='word_1_140' title='bbox 871 1483 959 1524; x_wconf 85' lang='grc' dir='ltr'>ἐπεί</span> <span class='ocrx_word' id='word_1_141' title='bbox 976 1499 1017 1523; x_wconf 81' lang='grc' dir='ltr'>κε</span> <span class='ocrx_word' id='word_1_142' title='bbox 1034 1481 1102 1534; x_wconf 87' lang='lat' dir='ltr'><em>(Il.</em></span> <span class='ocrx_word' id='word_1_143' title='bbox 1119 1481 1143 1523; x_wconf 87' lang='lat' dir='ltr'>i.</span> <span class='ocrx_word' id='word_1_144' title='bbox 1166 1482 1260 1533; x_wconf 77' lang='lat'>168,</span> <span class='ocrx_word' id='word_1_145' title='bbox 1274 1482 1341 1523; x_wconf 87' lang='lat' dir='ltr'>vii.</span> <span class='ocrx_word' id='word_1_146' title='bbox 1358 1483 1417 1537; x_wconf 82' lang='lat'>5).</span> 
     </span>
     <span class='ocr_line' id='line_1_22' title="bbox 94 1550 1420 1605; baseline 0 -14"><span class='ocrx_word' id='word_1_147' title='bbox 94 1550 256 1592; x_wconf 89' lang='lat' dir='ltr'>Nobile</span> <span class='ocrx_word' id='word_1_148' title='bbox 273 1553 404 1593; x_wconf 83' lang='lat' dir='ltr'>etiatn</span> <span class='ocrx_word' id='word_1_149' title='bbox 428 1552 553 1593; x_wconf 79' lang='lat' dir='ltr'>hqus</span> <span class='ocrx_word' id='word_1_150' title='bbox 572 1552 631 1592; x_wconf 93' lang='lat' dir='ltr'>rei</span> <span class='ocrx_word' id='word_1_151' title='bbox 655 1552 913 1605; x_wconf 85' lang='lat' dir='ltr'>conspicitur</span> <span class='ocrx_word' id='word_1_152' title='bbox 935 1551 1188 1604; x_wconf 85' lang='lat' dir='ltr'>exemplum</span> <span class='ocrx_word' id='word_1_153' title='bbox 1207 1551 1247 1591; x_wconf 92' lang='lat' dir='ltr'>in</span> <span class='ocrx_word' id='word_1_154' title='bbox 1273 1552 1420 1592; x_wconf 87' lang='lat' dir='ltr'>formis</span> 
     </span>
     <span class='ocr_line' id='line_1_23' title="bbox 94 1618 1416 1675; baseline 0 -15"><span class='ocrx_word' id='word_1_155' title='bbox 94 1620 384 1662; x_wconf 77' lang='lat' dir='ltr'>Aristarcheis</span> <span class='ocrx_word' id='word_1_156' title='bbox 411 1622 586 1674; x_wconf 82' lang='grc' dir='ltr'>οἰνοχόει</span> <span class='ocrx_word' id='word_1_157' title='bbox 607 1618 721 1675; x_wconf 84' lang='lat' dir='ltr'>(libri</span> <span class='ocrx_word' id='word_1_158' title='bbox 752 1620 916 1674; x_wconf 74' lang='grc' dir='ltr'>ᾠνοχόει</span> <span class='ocrx_word' id='word_1_159' title='bbox 944 1620 1122 1673; x_wconf 81' lang='lat' dir='ltr'>habent)</span> <span class='ocrx_word' id='word_1_160' title='bbox 1146 1627 1188 1660; x_wconf 83' lang='lat' dir='ltr'>et</span> <span class='ocrx_word' id='word_1_161' title='bbox 1213 1620 1416 1673; x_wconf 74' lang='grc' dir='ltr'>ἐῳνοχόει,</span> 
     </span>
     <span class='ocr_line' id='line_1_24' title="bbox 94 1688 1419 1744; baseline -0.002 -14"><span class='ocrx_word' id='word_1_162' title='bbox 94 1703 172 1742; x_wconf 87' lang='lat' dir='ltr'>pro</span> <span class='ocrx_word' id='word_1_163' title='bbox 199 1703 286 1743; x_wconf 86' lang='lat' dir='ltr'>qua</span> <span class='ocrx_word' id='word_1_164' title='bbox 315 1690 566 1731; x_wconf 86' lang='lat' dir='ltr'>Zenodotus</span> <span class='ocrx_word' id='word_1_165' title='bbox 599 1689 810 1744; x_wconf 78' lang='grc' dir='ltr'>ἐυῳνοχόει</span> <span class='ocrx_word' id='word_1_166' title='bbox 842 1689 1024 1743; x_wconf 88' lang='lat' dir='ltr'>legebat.</span> <span class='ocrx_word' id='word_1_167' title='bbox 1086 1688 1172 1743; x_wconf 75' lang='lat' dir='ltr'>Qui</span> <span class='ocrx_word' id='word_1_168' title='bbox 1203 1688 1316 1728; x_wconf 91' lang='lat' dir='ltr'>enim</span> <span class='ocrx_word' id='word_1_169' title='bbox 1349 1702 1419 1728; x_wconf 90' lang='lat' dir='ltr'>ac-</span> 
     </span>
     <span class='ocr_line' id='line_1_25' title="bbox 95 1757 1422 1811; baseline -0.002 -12"><span class='ocrx_word' id='word_1_170' title='bbox 95 1759 198 1800; x_wconf 88' lang='lat' dir='ltr'>cidit</span> <span class='ocrx_word' id='word_1_171' title='bbox 221 1766 268 1800; x_wconf 93' lang='lat' dir='ltr'>ut</span> <span class='ocrx_word' id='word_1_172' title='bbox 290 1758 570 1801; x_wconf 80' lang='lat' dir='ltr'>Aristarchus</span> <span class='ocrx_word' id='word_1_173' title='bbox 588 1773 658 1799; x_wconf 89' lang='lat' dir='ltr'>eas</span> <span class='ocrx_word' id='word_1_174' title='bbox 681 1759 934 1811; x_wconf 86' lang='lat' dir='ltr'>plerumque</span> <span class='ocrx_word' id='word_1_175' title='bbox 957 1758 1158 1800; x_wconf 84' lang='lat' dir='ltr'>lectiones</span> <span class='ocrx_word' id='word_1_176' title='bbox 1178 1764 1344 1798; x_wconf 86' lang='lat' dir='ltr'>tutatus</span> <span class='ocrx_word' id='word_1_177' title='bbox 1366 1757 1422 1797; x_wconf 86' lang='lat' dir='ltr'>sit</span> 
     </span>
     <span class='ocr_line' id='line_1_26' title="bbox 96 1827 1421 1882; baseline -0.002 -14"><span class='ocrx_word' id='word_1_178' title='bbox 96 1841 205 1880; x_wconf 90' lang='lat' dir='ltr'>quae</span> <span class='ocrx_word' id='word_1_179' title='bbox 236 1828 523 1881; x_wconf 82' lang='lat' dir='ltr'>antiquiorem</span> <span class='ocrx_word' id='word_1_180' title='bbox 558 1827 728 1882; x_wconf 82' lang='lat' dir='ltr'>linguae</span> <span class='ocrx_word' id='word_1_181' title='bbox 760 1827 949 1868; x_wconf 89' lang='lat' dir='ltr'>colorem</span> <span class='ocrx_word' id='word_1_182' title='bbox 981 1828 1223 1876; x_wconf 77' lang='lat' dir='ltr'>servabant,</span> <span class='ocrx_word' id='word_1_183' title='bbox 1255 1827 1421 1867; x_wconf 88' lang='lat' dir='ltr'>reiectis</span> 
     </span>
     <span class='ocr_line' id='line_1_27' title="bbox 96 1896 1421 1950; baseline -0.002 -14"><span class='ocrx_word' id='word_1_184' title='bbox 96 1910 206 1950; x_wconf 91' lang='lat' dir='ltr'>quae</span> <span class='ocrx_word' id='word_1_185' title='bbox 228 1897 444 1938; x_wconf 86' lang='lat' dir='ltr'>novicium</span> <span class='ocrx_word' id='word_1_186' title='bbox 468 1911 570 1950; x_wconf 85' lang='lat' dir='ltr'>prae</span> <span class='ocrx_word' id='word_1_187' title='bbox 593 1911 636 1937; x_wconf 87' lang='lat' dir='ltr'>se</span> <span class='ocrx_word' id='word_1_188' title='bbox 662 1896 855 1937; x_wconf 87' lang='lat' dir='ltr'>serebant</span> <span class='ocrx_word' id='word_1_189' title='bbox 881 1896 1034 1936; x_wconf 62' lang='grc' dir='ltr'>τύπον.Ρ</span> <span class='ocrx_word' id='word_1_190' title='bbox 1098 1896 1184 1949; x_wconf 73' lang='lat' dir='ltr'>Qui</span> <span class='ocrx_word' id='word_1_191' title='bbox 1215 1896 1356 1948; x_wconf 86' lang='lat' dir='ltr'>potuit</span> <span class='ocrx_word' id='word_1_192' title='bbox 1379 1896 1421 1935; x_wconf 94' lang='lat' dir='ltr'>in</span> 
     </span>
     <span class='ocr_line' id='line_1_28' title="bbox 95 1963 1420 2018; baseline -0.002 -12"><span class='ocrx_word' id='word_1_193' title='bbox 95 1965 170 2006; x_wconf 87' lang='lat' dir='ltr'>tali</span> <span class='ocrx_word' id='word_1_194' title='bbox 204 1967 384 2007; x_wconf 85' lang='lat' dir='ltr'>materia</span> <span class='ocrx_word' id='word_1_195' title='bbox 415 1980 562 2007; x_wconf 89' lang='lat' dir='ltr'>verum</span> <span class='ocrx_word' id='word_1_196' title='bbox 594 1980 619 2005; x_wconf 87' lang='lat' dir='ltr'>a</span> <span class='ocrx_word' id='word_1_197' title='bbox 651 1965 760 2006; x_wconf 87' lang='lat' dir='ltr'>falso</span> <span class='ocrx_word' id='word_1_198' title='bbox 791 1966 1072 2018; x_wconf 83' lang='lat' dir='ltr'>dignoscere?</span> <span class='ocrx_word' id='word_1_199' title='bbox 1115 1964 1271 2017; x_wconf 87' lang='lat' dir='ltr'>quibus</span> <span class='ocrx_word' id='word_1_200' title='bbox 1302 1963 1420 2004; x_wconf 82' lang='lat' dir='ltr'>testi-</span> 
     </span>
     <span class='ocr_line' id='line_1_29' title="bbox 96 2032 1421 2089; baseline -0.003 -14"><span class='ocrx_word' id='word_1_201' title='bbox 96 2035 258 2084; x_wconf 81' lang='lat' dir='ltr'>moniis,</span> <span class='ocrx_word' id='word_1_202' title='bbox 291 2049 376 2089; x_wconf 89' lang='lat' dir='ltr'>qua</span> <span class='ocrx_word' id='word_1_203' title='bbox 409 2036 620 2083; x_wconf 83' lang='lat' dir='ltr'>doctrina,</span> <span class='ocrx_word' id='word_1_204' title='bbox 652 2048 736 2088; x_wconf 92' lang='lat' dir='ltr'>qua</span> <span class='ocrx_word' id='word_1_205' title='bbox 768 2034 1034 2075; x_wconf 82' lang='lat' dir='ltr'>divinatione</span> <span class='ocrx_word' id='word_1_206' title='bbox 1067 2033 1231 2074; x_wconf 85' lang='lat' dir='ltr'>fretus?</span> <span class='ocrx_word' id='word_1_207' title='bbox 1293 2032 1421 2073; x_wconf 81' lang='lat' dir='ltr'>Certe</span> 
     </span>
     <span class='ocr_line' id='line_1_30' title="bbox 97 2100 1421 2158; baseline -0.003 -14"><span class='ocrx_word' id='word_1_208' title='bbox 97 2104 213 2144; x_wconf 89' lang='lat' dir='ltr'>nulla</span> <span class='ocrx_word' id='word_1_209' title='bbox 236 2110 356 2144; x_wconf 85' lang='lat' dir='ltr'>erant</span> <span class='ocrx_word' id='word_1_210' title='bbox 380 2104 542 2158; x_wconf 80' lang='lat' dir='ltr'>priscae</span> <span class='ocrx_word' id='word_1_211' title='bbox 566 2103 735 2156; x_wconf 82' lang='lat' dir='ltr'>linguae</span> <span class='ocrx_word' id='word_1_212' title='bbox 758 2109 1037 2143; x_wconf 82' lang='lat' dir='ltr'>monumenta</span> <span class='ocrx_word' id='word_1_213' title='bbox 1067 2116 1179 2154; x_wconf 85' lang='lat' dir='ltr'>quae</span> <span class='ocrx_word' id='word_1_214' title='bbox 1201 2115 1298 2142; x_wconf 89' lang='lat' dir='ltr'>cum</span> <span class='ocrx_word' id='word_1_215' title='bbox 1326 2100 1421 2141; x_wconf 92' lang='lat' dir='ltr'>Ho-</span> 
     </span>
     <span class='ocr_line' id='line_1_31' title="bbox 99 2169 1423 2225; baseline -0.003 -12"><span class='ocrx_word' id='word_1_216' title='bbox 99 2185 215 2213; x_wconf 91' lang='lat' dir='ltr'>mero</span> <span class='ocrx_word' id='word_1_217' title='bbox 244 2173 466 2224; x_wconf 85' lang='lat' dir='ltr'>conferret‚</span> <span class='ocrx_word' id='word_1_218' title='bbox 489 2172 627 2213; x_wconf 89' lang='lat' dir='ltr'>nullae</span> <span class='ocrx_word' id='word_1_219' title='bbox 658 2172 772 2225; x_wconf 85' lang='lat' dir='ltr'>leges</span> <span class='ocrx_word' id='word_1_220' title='bbox 800 2171 1091 2224; x_wconf 79' lang='lat' dir='ltr'>etymologiae</span> <span class='ocrx_word' id='word_1_221' title='bbox 1123 2170 1278 2223; x_wconf 88' lang='lat' dir='ltr'>quibus</span> <span class='ocrx_word' id='word_1_222' title='bbox 1307 2169 1423 2210; x_wconf 81' lang='lat' dir='ltr'>velut</span> 
     </span>
     <span class='ocr_line' id='line_1_32' title="bbox 99 2239 1423 2294; baseline -0.003 -12"><span class='ocrx_word' id='word_1_223' title='bbox 99 2242 280 2283; x_wconf 87' lang='lat' dir='ltr'>ducibus</span> <span class='ocrx_word' id='word_1_224' title='bbox 317 2242 371 2282; x_wconf 92' lang='lat' dir='ltr'>ad</span> <span class='ocrx_word' id='word_1_225' title='bbox 410 2241 623 2282; x_wconf 83' lang='lat' dir='ltr'>vocabula</span> <span class='ocrx_word' id='word_1_226' title='bbox 657 2240 954 2294; x_wconf 85' lang='lat' dir='ltr'>cognoscenda</span> <span class='ocrx_word' id='word_1_227' title='bbox 990 2248 1192 2281; x_wconf 87' lang='lat' dir='ltr'>uteretur.</span> <span class='ocrx_word' id='word_1_228' title='bbox 1268 2239 1423 2279; x_wconf 83' lang='lat' dir='ltr'>Restat</span> 
     </span>
     <span class='ocr_line' id='line_1_33' title="bbox 100 2306 1422 2360; baseline -0.005 -8"><span class='ocrx_word' id='word_1_229' title='bbox 100 2324 185 2352; x_wconf 87' lang='lat' dir='ltr'>una</span> <span class='ocrx_word' id='word_1_230' title='bbox 218 2311 324 2352; x_wconf 90' lang='lat' dir='ltr'>haec</span> <span class='ocrx_word' id='word_1_231' title='bbox 364 2311 484 2360; x_wconf 87' lang='lat' dir='ltr'>ratiO,</span> <span class='ocrx_word' id='word_1_232' title='bbox 521 2316 567 2350; x_wconf 91' lang='lat' dir='ltr'>ut</span> <span class='ocrx_word' id='word_1_233' title='bbox 606 2310 702 2350; x_wconf 89' lang='lat' dir='ltr'>ideo</span> <span class='ocrx_word' id='word_1_234' title='bbox 734 2309 892 2350; x_wconf 84' lang='lat' dir='ltr'>bonam</span> <span class='ocrx_word' id='word_1_235' title='bbox 929 2309 1142 2360; x_wconf 83' lang='grc' dir='ltr'>διόρθωσιν</span> <span class='ocrx_word' id='word_1_236' title='bbox 1180 2306 1422 2349; x_wconf 78' lang='lat' dir='ltr'>Aristarchi</span> 
     </span>
    </p>
   </div>
   <div class='ocr_carea' id='block_1_4' title="bbox 98 2378 1116 2480">
    <p class='ocr_par' dir='ltr' id='par_1_4' title="bbox 98 2378 1116 2480">
     <span class='ocr_line' id='line_1_34' title="bbox 98 2378 1116 2433; baseline -0.002 -13"><span class='ocrx_word' id='word_1_237' title='bbox 98 2386 300 2433; x_wconf 90' lang='lat' dir='ltr'>putemus</span> <span class='ocrx_word' id='word_1_238' title='bbox 324 2380 440 2432; x_wconf 90' lang='lat' dir='ltr'>quod</span> <span class='ocrx_word' id='word_1_239' title='bbox 464 2393 485 2419; x_wconf 93' lang='lat' dir='ltr'>e</span> <span class='ocrx_word' id='word_1_240' title='bbox 508 2379 626 2420; x_wconf 89' lang='lat' dir='ltr'>libris</span> <span class='ocrx_word' id='word_1_241' title='bbox 649 2378 772 2419; x_wconf 83' lang='lat' dir='ltr'>bonis</span> <span class='ocrx_word' id='word_1_242' title='bbox 795 2378 1026 2432; x_wconf 83' lang='lat' dir='ltr'>desumpta</span> <span class='ocrx_word' id='word_1_243' title='bbox 1049 2379 1116 2419; x_wconf 81' lang='lat' dir='ltr'>sit.</span> 
     </span>
     <span class='ocr_line' id='line_1_35' title="bbox 746 2458 777 2480; baseline -0.032 0"><span class='ocrx_word' id='word_1_244' title='bbox 746 2458 777 2480; x_wconf 79' lang='lat' dir='ltr'>Xl</span> 
     </span>
    </p>
   </div>
  </div>
 </body>
</html>
