1660 2802
682 140 718 174 6.
792 136 1052 173 ΙΛΙΑΔΟΣ
1100 137 1131 173 Ζ

243 243 424 282 δειδιότα·
464 240 646 292 κρατερὸς
671 242 746 293 γὰρ
772 241 839 293 ἔχε
865 241 1006 292 τρόμος
1031 239 1171 292 ἀνδρὸς
1196 241 1359 299 ὁμοκλῇ.

241 311 293 362 τῷ
319 310 391 358 μὲν
416 307 535 348 ἔπειτ’
563 308 757 347 ὀδύσαντο
784 307 865 347 θεοὶ
889 308 974 359 ῥεῖα
1001 307 1176 356 ζώοντες,

244 375 308 414 καί
329 391 394 425 μιν
419 373 573 426 τυφλὸν
600 374 713 423 ἔθηκε
740 374 893 425 Κρόνου
917 372 1021 414 πάϊς·
1058 373 1137 414 οὐδ’
1163 373 1222 426 ἄρ’
1248 373 1304 414 ἔτι
1329 373 1400 424 δὴν

242 440 302 490 ἦν,
330 440 414 480 ἐπεὶ
441 439 698 480 ἀθανάτοισιν
725 439 928 493 ἀπήχθετο
953 443 1052 480 πᾶσι
1077 443 1240 481 θεοῖσιν·

242 507 320 547 οὐδ’
347 506 394 547 ἂν
419 507 496 558 ἐγὼ
521 505 746 558 μακάρεσσι
773 508 876 548 θεοῖς
903 506 1077 557 ἐθέλοιμι
1100 506 1315 559 μάχεσθαι.

242 575 275 613 εἰ
301 573 344 613 δέ
367 574 426 614 τίς
453 574 546 613 ἐσσι
571 576 741 624 βροτῶν,
771 572 807 612 οἳ
833 573 997 625 ἀρούρης
1024 572 1171 624 καρπὸν
1197 573 1365 619 ἔδουσιν,

241 640 371 680 ἆσσον
397 639 459 685 ἴθ’,
487 640 538 681 ὥς
565 657 630 679 κεν
656 642 812 679 θᾶσσον
838 638 1003 691 ὀλέθρου
1029 639 1180 691 πείραθ’
1206 639 1350 690 ἵκηαι.”

306 706 387 746 Τὸν
413 706 446 745 δ’
474 705 557 746 αὖθ’
582 705 843 759 Ἱππολόχοιο
869 706 1073 758 προσηύδα
1099 707 1284 758 φαίδιμος
1308 707 1402 747 υἱός·

243 772 447 822 ’(Τυδείδη
473 771 685 825 μεγάθυμε,
714 774 774 822 τίη
802 772 942 824 γενεὴν
969 774 1167 823 ἐρεείνεις;

240 840 302 889 οἵη
327 856 399 890 περ
426 839 593 891 φύλλων
619 838 749 891 γενεή,
777 840 863 889 τοίη
891 841 932 880 δὲ
959 840 1020 879 καὶ
1046 840 1209 891 ἀνδρῶν.

241 906 377 958 φύλλα
402 907 448 945 τὰ
473 906 546 956 μέν
571 905 603 945 τ’
629 905 772 956 ἄνεμος
799 905 968 959 χαμάδις
992 905 1090 958 χέει,
1118 905 1224 946 ἄλλα
1248 904 1290 945 δέ
1316 904 1350 944 θ’
1375 905 1448 955 ὕλη

239 973 474 1023 τηλεθόωσα
500 973 603 1024 φύει,
632 973 744 1024 ἔαρος
771 972 804 1011 δ’
832 974 1074 1025 ἐπιγίγνεται
1100 973 1192 1028 ὥρῃ·

240 1039 290 1080 ὣς
316 1040 466 1090 ἀνδρῶν
491 1039 606 1091 γενεὴ
631 1039 653 1089 ἡ
680 1041 752 1089 μὲν
779 1039 870 1090 φύει
895 1039 917 1089 ἡ
944 1038 976 1078 δ’
1003 1038 1208 1091 ἀπολήγει.

240 1107 273 1145 εἰ
299 1105 330 1144 δ’
358 1105 505 1146 ἐθέλεις
532 1106 592 1145 καὶ
618 1109 737 1145 ταῦτα
763 1104 964 1156 δαήμεναι,
993 1105 1084 1157 ὄφρ’
1110 1104 1152 1146 ἐῢ
1177 1107 1280 1162 εἰδῇς

239 1171 430 1223 ἡμετέρην
456 1172 609 1223 γενεήν,
638 1173 783 1212 πολλοὶ
810 1171 851 1212 δέ
876 1189 942 1222 μιν
969 1171 1104 1222 ἄνδρες
1130 1173 1279 1212 ἴσασιν·

240 1239 329 1278 ἔστι
354 1239 468 1279 πόλις
493 1238 646 1290 Ἐφύρη
673 1242 782 1292 μυχῷ
804 1238 973 1290 ’Ἄργεος
1001 1239 1252 1289 ἱπποβότοιο,

239 1305 333 1345 ἔνθα
359 1307 399 1345 δὲ
426 1306 602 1356 Σίσυφος
629 1304 757 1350 ἔσκεν,
787 1304 807 1344 ὃ
836 1304 1037 1356 κέρδιστος
1063 1304 1188 1357 γένετ’
1215 1306 1378 1357 ἀνδρῶν,

240 1373 415 1423 Σίσυφος
442 1373 639 1421 Αἰολίδης·
679 1373 698 1410 ὁ
724 1371 755 1410 δ’
782 1371 855 1422 ἄρα
882 1375 1060 1411 Γλαῦκον
1085 1370 1209 1412 τέκεθ’
1234 1372 1331 1418 υἱόν,

238 1439 359 1489 αὐτὰρ
387 1441 560 1479 Γλαῦκος
584 1438 713 1478 τίκτεν
739 1438 918 1488 ἀμύμονα
945 1439 1290 1491 Βελλεροφόντην·

239 1509 291 1559 τῷ
317 1507 358 1544 δὲ
385 1505 466 1544 θεοὶ
493 1504 639 1546 κάλλος
665 1522 705 1545 τε
733 1506 793 1545 καὶ
820 1504 988 1556 ἠνορέην
1015 1505 1216 1556 ἐρατεινὴν

239 1572 417 1611 ὤπασαν·
456 1570 576 1623 αὐτάρ
602 1573 636 1611 οἱ
663 1575 834 1623 Προῖτος
862 1573 959 1611 κακὰ
983 1571 1139 1622 μήσατο
1165 1575 1284 1626 θυμῷ,

238 1639 280 1679 ὅς
303 1638 337 1690 ῥ’
364 1639 405 1678 ἐκ
431 1637 552 1689 δήμου
578 1638 766 1684 ἔλασσεν,
795 1639 880 1679 ἐπεὶ
908 1638 1010 1679 πολὺ
1036 1640 1225 1691 φέρτερος
1250 1638 1331 1689 ἧεν,

239 1704 442 1757 Ἀργείων·
481 1705 579 1747 Ζεὺς
604 1705 678 1757 γάρ
705 1707 740 1746 οἱ
765 1705 840 1745 ὑπὸ
867 1705 1053 1760 σκήπτρῳ
1080 1705 1293 1757 ἐδάμασσε.

237 1775 289 1825 τῷ
316 1773 357 1811 δὲ
381 1771 477 1824 γυνη
504 1773 676 1823 Προίτου
702 1771 937 1823 ἐπεμήνατο,
967 1772 1022 1812 δῖ’
1042 1771 1216 1818 ’Ἄντεια,

240 1839 450 1894 κρυπταδίῃ
477 1839 662 1891 φιλότητι
686 1837 910 1891 μιγήμεναι·
950 1840 1056 1879 ἀλλὰ
1080 1839 1147 1879 τὸν
1173 1839 1216 1879 οὔ
1241 1856 1277 1878 τι

239 1904 339 1945 πεῖθ’
367 1906 494 1957 ἀγαθὰ
521 1905 753 1957 φρονέοντα,
783 1906 979 1958 δαΐφρονα
1005 1906 1348 1958 Βελλεροφόντην.

237 1972 259 2022 ἡ
287 1973 328 2012 δὲ
354 1971 586 2023 ψευσαμένη
617 1976 790 2024 Προῖτον
816 1975 999 2024 βασιλῆα
1025 1973 1239 2024 προσηύδα·

240 2041 249 2055 ‘
266 2039 456 2088 τεθναίης,
484 2036 513 2077 ὦ
541 2040 691 2091 Προῖτ’,
720 2037 742 2089 ἢ
773 2038 937 2080 κάκτανε
964 2040 1305 2091 Βελλεροφόντην,

237 2106 279 2146 ὅς
303 2105 342 2156 μ’
368 2105 505 2145 ἔθελεν
531 2107 718 2157 φιλότητι
744 2106 954 2158 μιγήμεναι
979 2106 1047 2145 οὐκ
1073 2104 1294 2161 ἐθελούσῃ.’

238 2173 288 2213 ὣς
313 2171 429 2224 φάτο,
457 2172 525 2212 τὸν
551 2175 591 2213 δὲ
620 2173 767 2213 ἄνακτα
792 2174 915 2225 χόλος
940 2171 1069 2223 λάβεν
1095 2173 1178 2212 οἷον
1204 2171 1361 2212 ἄκουσε·

1502 455 1567 486 140

1505 784 1565 816 145

1505 1117 1567 1149 150

1504 1449 1564 1481 155

1503 1773 1565 1805 160

1502 2107 1561 2147 163

280 2269 340 2307 148
364 2268 571 2306 τηλεθόωντα
590 2269 765 2309 Aristoph.
894 2271 955 2312 ὥρῃ
974 2269 1147 2309 Aristoph.
1169 2268 1260 2316 &19²¹
1274 2280 1325 2301 uv.
1349 2270 1379 2300 A
1393 2271 1419 2301 Β
1434 2271 1557 2303 P¹¹Vi⁵

232 2309 276 2340 V⁵
287 2310 416 2342 V¹⁴3V2⁶
429 2312 479 2342 Ve
638 2324 697 2351 149
721 2312 801 2353 ἠμὲν
818 2338 825 2345 .
845 2337 852 2345 .
875 2338 881 2344 .
900 2315 949 2351 ἠδ’
966 2313 1089 2343 Alexio
1106 2313 1166 2345 eA
1180 2314 1208 2345 T
1222 2312 1332 2344 V⁴··V¹⁴
1346 2312 1405 2344 V15
1416 2325 1444 2345 v.
1461 2315 1480 2346 l.
1500 2327 1552 2356 ap.

234 2355 327 2386 Eust.
447 2365 505 2395 154
530 2356 624 2388 τέκεν
646 2356 690 2386 Μ1
707 2356 753 2386 O5
766 2356 809 2387 Ul
822 2357 873 2387 Ve
889 2357 930 2388 al,
1043 2366 1102 2396 155
1126 2358 1236 2389 τίκτεν
1252 2356 1308 2388 ΑΓ.
1327 2356 1412 2388 aGe
1425 2357 1474 2388 Μ7
1487 2359 1554 2390 N4:

233 2398 361 2431 ἔτικτεν
376 2399 464 2439 vulg.
560 2403 712 2441 ἐλλεροφ.
731 2400 811 2431 Zen.
835 2404 935 2441 (teste
953 2400 1063 2442 Eust.)
1160 2410 1220 2441 159
1244 2400 1287 2442 οἵ]
1305 2404 1422 2439 μινὰΙῐ
1435 2413 1457 2439 p
1469 2402 1499 2432 A
1511 2403 1551 2434 al.

322 2444 380 2474 160
405 2443 543 2475 διάντεια
559 2447 573 2474 i
586 2443 768 2474 M2'U2·v.1.
784 2449 851 2475 ant.
