1624 2802
8 0 21 16 ΙΙ

621 631 869 681 ΙΛΙΑΔΟΣ
929 637 963 678 Ζ

321 810 551 878 ’Έκτορος
587 813 667 861 καὶ
702 811 1042 879 Ἀνδρομάχης
1077 816 1255 877 ὁμιλία.

136 937 279 989 Τρώων
304 936 337 976 δ’
362 937 479 986 οἰώθη
506 936 567 976 καὶ
593 936 766 990 Ἀχαιῶν
794 938 967 989 φύλοπις
991 936 1093 987 αι’νή·

136 1004 267 1045 πολλὰ
290 1002 323 1043 δ’
348 1002 408 1055 ἄρ’
434 1003 528 1043 ἔνθα
553 1004 615 1043 καὶ
640 1003 719 1043 ἔνθ’
748 1005 860 1044 ἴθυσε
884 1003 991 1056 μάχη
1017 1004 1167 1044 πεδίοιο

137 1069 323 1120 ἀλλήλων
349 1068 586 1120 ἰθυνομένων
610 1069 812 1122 χαλκήρεα
838 1073 968 1122 δοῦρα,

135 1136 338 1188 μεσσηγὺς
363 1136 573 1187 Σιμόεντος
600 1137 654 1176 ι’δὲ
684 1135 857 1177 Ξάνθοιο
880 1135 1021 1188 ῥοάων.

202 1205 298 1244 Αἴας
322 1205 364 1243 δὲ
388 1203 540 1254 πρῶτος
563 1203 834 1253 Τελαμώνιος,
863 1203 973 1254 ἕρκος
997 1203 1183 1256 Ἀχαιῶν,
1441 1219 1456 1247 5

136 1270 281 1322 Τρώων
304 1267 398 1321 ῥῆξε
422 1268 626 1320 φάλαγγα,
656 1270 764 1320 φόως
791 1268 823 1308 δ’
848 1268 1047 1321 ἑτάροισιν
1073 1270 1222 1319 ἔθηκεν,

137 1336 255 1388 ἄνδρα
278 1337 419 1387 βαλὼν
443 1335 485 1377 ὃς
508 1334 669 1387 ἄριστος
697 1336 754 1375 ἐνὶ
784 1334 991 1391 Θρῄκεσσι
1016 1336 1187 1381 τέτυκτο,

135 1403 218 1443 υἱὸν
242 1402 484 1455 Ἐϋσσώρου,
513 1401 727 1452 Ἀκάμαντ’
757 1401 827 1452 ἠΰν
852 1419 894 1442 τε
918 1401 1041 1454 μέγαν
1066 1419 1120 1442 τε.

136 1470 203 1510 τόν
226 1469 264 1521 ῥ’
291 1469 416 1520 ἔβαλε
441 1471 592 1520 πρῶτος
624 1469 786 1519 κόρυθος
812 1468 944 1520 φάλον
970 1470 1240 1518 ἱπποδασείης,

137 1537 178 1575 ἐν
202 1538 242 1576 δὲ
266 1536 432 1589 μετώπῳ
457 1533 569 1585 πῆξε,
597 1533 746 1585 πέρησε
778 1534 810 1574 δ’
836 1534 894 1586 ἄρ’
919 1534 1060 1574 ὀστέον
1085 1536 1179 1575 εἵσω
1420 1549 1459 1569 10

137 1602 256 1655 αἰχμὴ
281 1602 460 1654 χαλκείη·
498 1600 565 1640 τὸν
590 1602 632 1640 δὲ
660 1601 803 1642 σκότος
827 1603 928 1640 ὄσσε
954 1600 1145 1653 κάλυψεν.

194 1667 369 1719 ”Αξυλον
394 1668 426 1707 δ’
452 1667 510 1718 ἄρ’
536 1667 683 1718 ἔπεφνε
712 1667 815 1717 βοὴν
841 1667 988 1718 ἀγαθὸς
1016 1666 1213 1717 Διομήδης

135 1736 409 1786 Τευθρανίδην,
436 1733 479 1775 ὃς
505 1733 633 1773 ἔναιεν
662 1733 865 1789 ἐϋκτιμένῃ
890 1735 931 1773 ἐν
957 1733 1129 1789 Ἀρίσβῃ

137 1801 296 1853 ἀφνειὸς
320 1802 485 1851 βιότοιο,
514 1800 633 1851 φίλος
658 1799 690 1839 δ’
720 1799 766 1849 ἦν
792 1799 1047 1852 ἀνθρώποισι·

136 1867 283 1909 πάντας
306 1869 380 1919 γὰρ
406 1866 620 1919 φιλέεσκεν
649 1867 722 1920 ὁδῷ
751 1868 814 1907 ἔπι
839 1867 940 1906 οἰκία
964 1867 1096 1906 ναίων.
1422 1881 1456 1908 15

137 1933 240 1974 ἀλλά
265 1936 300 1974 οἱ
325 1934 368 1973 οὔ
393 1950 450 1975 τις
474 1937 550 1973 τῶν
577 1951 622 1987 γε
648 1933 728 1973 τότ’
754 1934 899 1985 ἤρκεσε
922 1933 1069 1985 λυγρὸν
1094 1934 1260 1984 ὄλεθρον

136 2001 307 2052 πρόσθεν
330 2000 587 2047 ὑπαντιάσας,
615 2000 708 2041 ἀλλ’
732 2000 851 2052 ἄμφω
878 1999 999 2050 θυμὸν
1024 2001 1190 2050 ἀπηύρα,

136 2067 251 2106 αὐτὸν
277 2068 339 2107 καὶ
365 2067 584 2119 θεράποντα
611 2067 829 2117 Καλήσιον,
856 2068 898 2108 ὅς
922 2068 971 2118 ῥα
994 2066 1075 2105 τόθ’
1101 2068 1230 2106 ἵππων

137 2133 251 2173 ἔσκεν
275 2135 504 2187 ὑφηνίοχος·
543 2135 596 2174 τὼ
622 2134 654 2174 δ’
679 2134 797 2185 ἄμφω
823 2137 940 2185 γαῖαν
967 2133 1116 2181 ἐδύτην.

177 2238 196 2265 4
221 2227 265 2257 ita
278 2227 337 2258 Ar.
353 2227 403 2257 ed.
421 2227 535 2265 altera,
553 2227 650 2257 codd.
668 2238 673 2256 ς
700 2228 855 2265 ποταμοῖο
873 2225 1075 2265 Σκαμάνδρου
1095 2225 1144 2255 καὶ
1164 2224 1384 2263 στομαλίμνης
1397 2224 1454 2254 Ar.

136 2271 185 2301 ed.
207 2271 306 2308 prior.
331 2272 380 2311 (ἐν
401 2274 468 2303 τοῖς
492 2271 635 2311 ἄρχαίοις
659 2269 841 2310 ἐγέγραπτο
859 2268 1050 2305 Ariston.):
1076 2270 1231 2306 ποταμοῖο
1255 2266 1457 2308 Σκαμάνδρου

933 2313 954 2340 6
979 2310 1130 2352 φάλαγγε
1149 2310 1198 2340 Vc
1358 2311 1394 2340 18
1419 2313 1457 2353 ῥα

135 2314 184 2345 καὶ
202 2314 372 2353 Σιμόεντος
389 2314 529 2344 Chaeris
547 2314 615 2353 (ap.
639 2315 708 2345 sch.
736 2314 756 2343 Γ

135 2356 217 2397 τόθ’]
235 2357 273 2396 ῥά
290 2358 318 2388 οἱ
335 2357 384 2387 Ve
