1629 2828
527 129 563 163 2.
636 124 896 162 ΙΛΙΑΔΟΣ
965 125 996 161 Β

12 0 22 317 Ι
110 226 289 280 Νέστωρ,
316 228 358 269 ὅς
380 227 430 279 ῥα
455 226 607 268 Πύλοιο
632 226 733 278 ἄναξ
754 226 801 278 ἦν
825 227 1076 279 ἠμαθόεντος·

107 295 130 335 ὅ
153 300 252 347 σφιν
277 293 499 346 ἐϋφρονέων
526 293 756 347 ἀγορήσατο
782 295 843 335 καὶ
868 294 1084 346 μετέειπεν·

110 359 179 401 “ι”ἶ)
204 361 328 412 φίλοι,
357 360 547 412 Ἀργείων
577 360 767 413 ἡγήτορες
791 360 860 411 ἠδὲ
885 361 1082 412 μέδοντες,

107 429 140 469 εἰ
163 426 234 478 μέν
258 443 317 469 τις
342 426 410 467 τὸν
436 429 588 479 ὄνειρον
620 427 794 480 Ἀχαιῶν
819 427 943 469 ἄλλος
968 428 1118 473 ἔνισπε,

106 493 251 546 ψεῦδός
278 510 343 533 κεν
375 497 522 545 φαῖμεν
552 494 612 534 καὶ
641 494 927 546 νοσφιζοίμεθα
950 496 1118 545 μᾶλλον·

105 563 171 601 νῦν
195 559 227 599 δ’
256 561 337 600 ἴδεν
362 559 404 602 ὃς
431 560 519 612 μέγ’
550 560 710 612 ἄριστος
736 560 910 613 Ἀχαιῶν
936 561 1092 613 εὔχεται
1117 560 1230 601 εἶναι·

105 625 194 667 ἀλλ’
226 625 347 679 ἄγετ’,
374 628 416 667 αἵ
443 626 508 667 κέν
534 644 617 669 πως
642 626 866 680 θωρήξομεν
890 628 975 669 υἷας
999 626 1214 680 Ἀχαιῶν.”

166 691 246 734 ΔΩς
275 692 349 746 ἄρα
377 692 569 745 φωνήσας
594 696 745 746 βουλῆς
771 692 816 744 ἐξ
836 693 934 747 ἦρχε
957 693 1129 739 νέεσθαι,

104 760 139 800 οἱ
166 759 198 799 δ’
227 759 510 811 ἐπανέστησαν
536 761 720 801 πείθοντό
743 778 785 801 τε
808 760 964 811 ποιμένι
990 764 1098 801 λαῶν

105 830 352 880 σκηπτοῦχοι
383 829 593 879 βασιλῆες·
630 828 892 868 ἐπεσσεύοντο
918 829 958 868 δὲ
983 828 1087 868 λαοί.

103 892 192 943 ἠΰτε
229 895 344 934 ἔθνεα
370 893 448 934 εἶσι
473 893 705 945 μελισσάων
731 893 911 939 ἁδινάων,

19 1008 21 1010 q
108 958 254 1012 πέτρης
280 961 321 1000 ἐκ
350 963 558 1013 γλαφυρῆς
581 962 657 1001 αἰεὶ
682 960 770 1001 νέον
793 959 1057 1013 ἐρχομενάων·

18 1023 19 1026 “
108 1026 304 1077 βοτρυδὸν
332 1029 373 1067 δὲ
398 1027 582 1068 πέτονται
606 1026 665 1067 ἐπ’
691 1027 854 1067 ἄνθεσιν
880 1028 1124 1078 εἰαρινοῖσιν·

0 1093 1 1097 ’
110 1095 148 1133 αἱ
172 1093 245 1144 μέν
275 1093 308 1133 τ’
335 1093 428 1134 ἔνθα
453 1093 540 1135 ἅλις
565 1092 818 1143 πεποτήαται,
847 1095 885 1133 αἱ
910 1093 952 1133 δέ
974 1110 1016 1133 τε
1040 1093 1146 1134 ἔνθα·

110 1159 160 1201 ὣς
185 1163 262 1200 τῶν
292 1160 407 1201 ἔθνεα
431 1161 564 1200 πολλὰ
588 1163 685 1200 νεῶν
711 1159 786 1200 ἄπο
812 1161 873 1200 καὶ
901 1159 1090 1200 κλισιάων

108 1225 238 1275 ἠϊόνος
269 1226 509 1279 προπάροιθε
533 1227 698 1277 βαθείης
723 1227 963 1279 ἐστιχόωντο

109 1292 246 1333 ἰλαδὸν
276 1294 330 1334 εἷς
356 1292 514 1345 ἀγορήν·
551 1294 649 1344 μετὰ
675 1292 717 1333 δέ
741 1298 885 1345 σφισιν
906 1292 1045 1333 “Omra
1070 1292 1196 1344 δεδήει

108 1359 311 1411 ὀτρύνουσ’
343 1359 454 1406 ἰέναι,
484 1360 580 1401 Διὸς
604 1359 788 1412 ἄγγελος·
827 1362 862 1400 οἱ
888 1359 920 1400 δ’
946 1359 1145 1412 ἀγέροντο.

107 1425 287 1479 τετρήχει
313 1426 345 1466 δ’
376 1425 511 1479 ἀγορή,
538 1426 612 1467 ὑπὸ
638 1428 677 1466 δὲ
704 1427 957 1479 στεναχίζετο
983 1431 1076 1478 γαῖα

106 1496 214 1532 λαῶν
242 1493 415 1542 ἱζόντων,
447 1494 592 1543 ὅμαδος
617 1492 648 1532 δ’
675 1492 733 1542 ἦν·
773 1493 887 1533 ἐννέα
911 1493 953 1533 δέ
979 1498 1108 1544 σφεας

108 1558 265 1609 κήρυκες
293 1561 492 1609 βοόωντες
520 1558 693 1610 ἐρήτυον,
722 1561 757 1600 εἴ
780 1559 864 1599 ποτ’
891 1561 1006 1609 ἀϋτῆς

108 1625 277 1678 σχοίατ’,
307 1626 518 1666 ἀκούσειαν
546 1628 586 1666 δὲ
613 1626 851 1678 διοτρεφέων
877 1625 1101 1676 βασιλήων.

108 1695 258 1748 σπουδῇ
291 1691 324 1731 δ’
351 1693 458 1742 ἕζετο
482 1693 591 1737 λαός,
623 1691 807 1743 ἐρήτυθεν
832 1695 872 1732 δὲ
900 1692 982 1731 καθ’
1010 1693 1122 1744 ἕδρας

109 1757 353 1808 παυσάμενοι
383 1761 570 1810 κλαγγῆς·
613 1759 687 1798 ἀνὰ
714 1761 754 1798 δὲ
781 1759 916 1810 κρείων
941 1758 1200 1810 Ἀγαμέμνων

99 1889 331 1942 “Ηφαιστος
355 1893 428 1941 μὲν
455 1894 551 1931 δῶκε
579 1892 646 1931 Διὶ
673 1891 866 1943 Κρονίωνι
893 1891 1040 1936 ἄνακτι,

107 1957 224 2009 αὐτὰρ
250 1957 325 2009 ἄρα
350 1957 447 2000 Ζεὺς
475 1961 573 1998 δῶκε
598 1958 786 2012 διακτόρῳ
814 1959 1067 2013 ἀργεϊφόντῃ·

105 2021 287 2074 Ἑρμείας
312 2026 354 2064 δὲ
379 2023 482 2074 ἄναξ
503 2027 624 2064 δῶκεν
652 2024 810 2064 Πέλοπι
835 2022 1061 2078 πληξίππῳ,

106 2089 225 2141 αὐτὰρ
249 2090 270 2128 ὁ
295 2090 385 2130 αὖτε
410 2090 560 2142 Πέλοψ
585 2090 675 2130 δῶκ’
701 2089 845 2142 Ἀτρέϊ,
873 2090 1027 2140 ποιμένι
1051 2094 1176 2130 λαῶν·

105 2153 262 2206 Ἀτρεὺς
286 2158 327 2196 δὲ
353 2154 534 2212 θνῄσκων
561 2157 697 2197 ἔλιπεν
722 2157 913 2208 πολύαρνι
942 2155 1117 2211 Θυέστῃ,

105 2221 225 2273 αὐτὰρ
252 2223 271 2260 ὁ
296 2222 387 2262 αῧτε
413 2222 560 2263 Θυέστ’
586 2222 854 2274 Ἀγαμέμνονι
877 2226 990 2263 λεῖπε
1017 2225 1199 2274 φορῆναι,

105 2292 303 2345 πολλῇσιν
328 2288 490 2339 νήσοισι
516 2290 578 2329 καὶ
597 2288 736 2341 ’Ἄργεϊ
761 2289 876 2329 παντὶ
902 2288 1108 2328 ἀνάσσειν.

375 2381 415 2410 82
440 2381 580 2421 Ἀχαιῶν
596 2381 685 2419 vulg.
701 2392 708 2413 z
736 2381 781 2412 ἐνὶ
800 2380 927 2422 στρατῷ
946 2384 1034 2417 eg'h
1053 2379 1145 2411 Eust.

107 1825 200 1874 ἔστη
228 1827 428 1876 σκῆπτρον
453 1825 568 1877 ἔχων,
598 1825 641 1864 τὸ
666 1827 738 1875 μὲν
756 1823 989 1877 “Ηφαιστος
1016 1825 1111 1875 κάμε
1137 1826 1300 1878 τεύχων.

1393 434 1436 464 80

1395 1107 1438 1137 90

1395 1441 1436 1471 95

1374 1773 1435 1793 100

1372 2104 1430 2133 105
