1629 2828
16 106 23 136 ἶ
513 114 544 147 1.
620 108 881 145 ΙΛῙΑΔΟΣ
942 108 973 144 Α

902 211 918 219 Α

89 213 116 269 ᾧ
134 214 196 255 ἔπι
219 211 334 252 πόλλ’
359 211 549 262 ἐμόγησα,
578 212 700 251 δόσαν
726 209 767 251 δέ
790 228 855 262 μοι
878 217 957 252 υἱες
982 209 1165 263 Ἀχαιῶν.

89 280 132 320 οὐ
153 281 223 330 μὲν
247 279 315 318 σοί
335 294 429 318 ποτε
452 277 544 317 ’ἴσον
570 278 649 330 ἔχω
675 275 802 329 γέρας,
830 276 968 317 ὁππότ’
994 276 1150 330 Ἀχαιοὶ

87 346 229 396 Τρώων
253 342 471 395 ἐκπέρσωσ’
497 343 537 383 εὖ
563 344 767 394 ναιόμενον
791 344 1035 395 πτολίεθρον·

89 412 190 452 ἀλλὰ
213 410 256 450 τὸ
279 412 351 461 μὲν
375 412 513 450 πλεῖον
538 409 749 451 πολυάϊκος
774 407 963 460 πολέμοιο
1340 414 1398 453 165

89 480 214 530 χεῖρες
237 476 324 527 ἐμαὶ
349 474 537 516 διέπουσ’·
576 476 671 527 ἀτὰρ
696 475 744 526 ἤν
769 492 863 516 ποτε
888 475 1036 526 δασμὸς
1061 476 1202 526 ἵκηται,

90 543 151 583 σοὶ
175 542 218 582 τὸ
242 540 358 594 γέρας
382 542 483 583 πολὺ
508 542 652 593 μεῖζον,
679 542 757 593 ἐγὼ
782 541 814 582 δ’
840 543 977 594 ὀλίγον
1001 559 1043 582 τε
1068 542 1188 593 φίλον
1211 557 1253 582 τε

88 608 219 661 ἔρχομ’
245 608 347 661 ἔχων
373 608 436 648 ἐπὶ
461 610 568 658 νῆας,
596 609 683 649 ἐπεί
707 625 748 648 κε
773 607 880 659 κάμω
905 608 1137 658 πολεμίζων.

88 678 153 715 νῦν
172 674 203 714 δ’
227 674 304 724 εἶμι
330 674 503 724 Φθίηνδ’,
531 674 615 715 ἐπεὶ
639 673 662 725 ἧ
687 674 789 715 πολὺ
815 672 1006 727 φέρτερόν
1030 675 1140 714 ἐστιν

87 739 206 781 οἴκαδ’
231 741 316 791 ἴμεν
341 740 414 781 σὺν
441 741 556 791 νηυσὶ
581 742 800 792 κορωνίσιν,
827 738 914 781 οὐδέ
939 739 977 779 σ’
1002 739 1069 780 ὀίω
1340 751 1401 783 170

87 805 212 847 ἐνθάδ’
237 806 371 857 ἄτιμος
397 807 471 847 ἐὼν
496 806 642 859 ἄφενος
669 807 730 847 καὶ
754 810 926 847 πλοῦτον
951 803 1155 858 ἀφύξειν.”

150 872 231 913 Τὸν
257 872 288 912 δ’
312 872 489 924 ἠμείβετ’
514 874 649 914 ἔπειτα
673 871 774 923 ἄναξ
796 874 947 924 ἀνδρῶν
971 870 1244 924 Ἀγαμέμνων·

89 941 113 957 “
130 942 250 990 φεῦγε
274 938 380 989 μάλ’,
408 941 444 979 εἴ
465 956 524 979 τοι
549 939 667 990 θυμὸς
691 937 919 985 ἐπέσσυται,
945 937 1033 978 οὐδέ
1058 938 1095 977 σ’
1121 939 1247 990 ἔγωγε

86 1005 278 1055 λίσσομαι
303 1005 415 1045 εἵνεκ’
441 1007 547 1056 ἐμεῖο
571 1004 717 1056 μένειν·
755 1005 844 1057 πάρ’
871 1006 1004 1056 ἔμοιγε
1030 1004 1091 1044 καὶ
1117 1004 1235 1045 ἄλλοι

85 1071 124 1110 οἵ
147 1069 187 1110 κέ
211 1088 259 1121 με
283 1070 505 1121 τιμήσουσι,
532 1071 707 1122 μάλιστα
731 1073 772 1111 δὲ
796 1071 957 1122 μητίετα
983 1070 1091 1113 Ζεύς.
1344 1082 1402 1113 Ῑ75

13 1131 18 1174 F
86 1137 269 1189 ἔχθιστος
293 1135 335 1176 δέ
359 1138 427 1187 μοί
448 1139 541 1177 ε’σσι
566 1135 803 1189 διοτρεφέων
827 1135 1051 1188 βασιλήων·

87 1203 159 1243 αἰεὶ
184 1202 257 1255 γάρ
282 1219 340 1242 τοι
366 1204 444 1254 ἔρις
468 1220 510 1243 τε
536 1204 633 1255 φίλη
660 1204 829 1254 πόλεμοί
850 1220 892 1244 τε
915 1202 1039 1256 μάχαι
1064 1220 1118 1243 τε·

85 1269 118 1309 εἷ
142 1268 249 1319 μάλα
273 1269 455 1320 καρτερός
479 1270 584 1315 ἐσσι,
613 1270 700 1311 θεός
724 1286 798 1310 που
823 1269 888 1309 σοὶ
911 1271 956 1309 τό
980 1269 1015 1321 γ’
1040 1269 1194 1309 ἔδωκεν·

85 1334 204 1375 οἴκαδ’
231 1336 298 1376 ἰὼν
324 1335 396 1375 σὺν
422 1336 540 1385 νηυσί
562 1352 604 1376 τε
630 1341 703 1393 σῇς
729 1336 791 1375 καὶ
817 1339 903 1377 σοῖς
929 1335 1102 1388 ἑτάροισι

12 1411 14 1452 j»
86 1402 406 1452 Μυρμιδόνεσσιν
431 1401 597 1448 ἄνασσε,
625 1400 742 1442 σέθεν
767 1401 799 1441 δ’
825 1402 902 1454 ἐγὼ
927 1401 994 1442 οὐκ
1019 1403 1200 1454 ἀλεγίζω,
1345 1408 1404 1437 180

12 1462 13 1468 ¹
85 1467 161 1507 οὐδ’
187 1469 325 1518 ὄθομαι
351 1466 564 1509 κοτέοντος·
602 1467 807 1518 ἀπειλήσω
833 1467 874 1508 δέ
898 1486 957 1508 τοι
981 1469 1068 1509 ὧδε·

11 1541 15 1559 ¹
85 1532 134 1575 ὡς
158 1533 216 1584 ἔμ’
242 1535 466 1586 ἀφαιρεῖται
492 1534 694 1585 Χρυσηίδα
718 1538 871 1585 Φοῖβος
895 1534 1119 1580 Ἀπόλλων,

11 1590 17 1627 ²
83 1599 153 1649 τὴν
176 1601 247 1650 μὲν
272 1601 349 1652 ἐγὼ
376 1600 449 1640 σὺν
474 1599 539 1650 νηί·
562 1600 595 1640 τ’
620 1601 692 1657 ε’μῇ
720 1601 781 1641 καὶ
807 1602 912 1651 ἐμοῖς
938 1602 1113 1653 ἑτάροισι

10 1648 16 1721 J
83 1665 240 1718 πέμψω,
269 1667 345 1718 ἐγὼ
371 1666 413 1706 δέ
439 1665 470 1706 κ’
495 1666 577 1718 ἄγω
604 1666 794 1718 Βρισηΐδα
820 1666 1090 1723 καλλιπάρῃον

11 1722 16 1788 J
84 1731 197 1774 αὐτὸς
222 1733 289 1772 ἰὼν
315 1733 529 1783 κλισίηνδε,
545 1732 601 1776 ,τὸ
627 1733 700 1773 σὸν
725 1733 853 1785 γέρας,
880 1733 970 1785 ὄφρ’
995 1732 1036 1774 ἐῢ
1061 1732 1166 1791 εἰδῇς
1343 1739 1401 1777 185

10 1789 16 1854 J
83 1799 208 1838 ὅσσον
233 1798 420 1851 φέρτερός
444 1800 522 1849 εἰμι
548 1799 678 1845 σέθεν,
707 1799 852 1856 στυγέῃ
878 1802 918 1840 δὲ
943 1800 1006 1840 καὶ
1030 1799 1155 1842 ἄλλος

83 1863 172 1904 ἶσον
196 1865 280 1915 ἐμοὶ
306 1864 460 1916 φάσθαι
486 1866 547 1905 καὶ
573 1865 859 1916 ὁμοιωθήμεναι
883 1865 1040 1916 ἄντην.”

143 1928 221 1972 ΛΩς
245 1930 359 1982 φάτο·
397 1930 597 1981 Πηλεΐωνι
623 1931 655 1971 δ’
683 1932 779 1985 ἄχος
803 1932 941 1984 γένετ’,
968 1933 1011 1972 ἐν
1036 1932 1078 1973 δέ
1102 1935 1138 1973 οἱ
1164 1931 1254 1985 ἦτορ

85 1995 302 2046 στήθεσσιν
325 1998 507 2037 λασίοισι
532 1997 712 2051 διάνδιχα
736 1997 983 2051 μερμήριξεν,

83 2057 107 2111 ἢ
131 2063 153 2101 ὅ
175 2079 220 2114 γε
245 2062 454 2115 φάσγανον
479 2062 548 2114 ὀξὺ
573 2064 841 2115 ἐρυσσάμενος
867 2067 971 2117 παρὰ
995 2068 1117 2117 μηροῦ
1340 2077 1401 2108 190

84 2127 169 2170 τοὺς
191 2130 262 2179 μὲν
287 2129 561 2180 ἀναστήσειεν,
589 2131 609 2169 ὁ
634 2130 665 2170 δ’
691 2131 895 2183 Ἀτρείδην
920 2132 1099 2183 ἐναρίζοι,

127 2221 184 2260 163
208 2219 338 2261 ὁππότ’]
356 2222 420 2254 οὐδ’
438 2220 486 2254 ὅτ’
502 2221 582 2253 Zen.
751 2224 811 2253 168
837 2224 907 2256 ἐπεί
931 2237 966 2256 κε
991 2223 1078 2263 κάμω
1095 2223 1153 2255 ΑΓ.
1174 2223 1267 2255 Hdn.
1287 2224 1315 2254 Λ
1335 2234 1379 2255 SS.
1398 2235 1402 2253 :

85 2263 162 2303 ἐπήν
183 2277 219 2296 κε
242 2265 338 2304 κάμω,
362 2266 441 2303 ἐπὴν
462 2265 586 2305 κεκάμω
611 2265 706 2297 codd.
729 2266 783 2306 (cf.
804 2272 828 2298 H
847 2268 881 2306 5)
1020 2269 1081 2307 169
1105 2268 1200 2306 Φθίην
1219 2266 1340 2298 MgV-'7

84 2305 250 2351 φέρτερον]
267 2310 362 2341 λώϊον
378 2309 431 2339 cit.
449 2308 535 2340 Plat.
553 2308 654 2348 Hipp.
676 2310 754 2341 min.
774 2320 838 2349 370
855 2320 872 2340 c
1008 2321 1067 2350 173
1092 2311 1239 2343 ἐέλδεται
1256 2311 1318 2349 Ve,
1337 2322 1367 2342 v.
1385 2311 1404 2341 1.

80 2354 136 2390 ap.
154 2351 256 2382 schol.
276 2351 304 2382 T
452 2361 509 2391 177
533 2352 601 2384 ath.
621 2353 673 2383 hic
692 2352 749 2384 Ar.
772 2355 822 2394 (2
838 2359 860 2386 E
878 2354 957 2394 891)
1095 2355 1154 2393 178
1177 2364 1241 2386 om.
1263 2354 1320 2402 12¹⁴
