1629 2828
532 142 567 176 2.
642 136 903 173 ΙΑΙΑΔΟΣ
976 137 1005 173 Β

116 240 208 291 ἧσαι
232 238 440 287 ὀνειδίζων,
466 237 526 277 ὅτι
551 239 586 278 οἱ
611 237 719 288 μάλα
744 239 877 278 πολλὰ
902 241 1076 278 διδοῦσιν
1370 253 1430 284 255

114 306 233 358 ἥρωες
260 305 421 345 Δαναοί·
461 304 511 344 σὺ
537 306 577 344 δὲ
603 302 819 356 κερτομέων
845 304 1057 356 ἀγορεύεις.

114 371 202 413 ἀλλ’
228 372 268 412 ἔκ
293 388 352 411 τοι
377 370 482 422 ἐρέω,
509 370 552 410 τὸ
577 373 617 411 δὲ
643 371 704 410 καὶ
729 369 1013 421 τετελεσμένον
1038 371 1164 411 ἔσται·

115 440 150 479 εἴ
172 437 203 478 κ’
228 437 284 478 ἔτι
309 437 346 477 σ’
372 438 616 489 ἀφραίνοντα
641 436 855 490 κιχήσομαι
880 437 930 478 ὥς
955 438 1001 477 νύ
1024 454 1095 489 περ
1121 439 1207 483 ὧδε,

114 502 243 556 μηκέτ’
269 503 386 545 ἔπειτ’
413 503 579 554 Ὀδυσῆϊ
604 503 698 556 κάρη
725 504 892 554 ὤμοισιν
917 504 1040 554 ἐπείη,

114 570 199 622 μηδ’
225 570 280 611 ἔτι
304 570 558 623 Τηλεμάχοιο
583 570 710 623 πατὴρ
738 570 975 621 κεκλημένος
1002 572 1096 621 εἵην,
1368 575 1431 606 260

115 638 147 678 εἰ
170 636 220 687 μὴ
247 637 322 688 ἐγώ
349 654 399 677 σε
423 638 563 687 λαβὼν
588 636 664 677 ἀπὸ
687 639 759 687 μὲν
784 637 885 688 φίλα
910 638 1048 687 εἵματα
1072 637 1192 682 δύσω,

114 702 281 756 χλαῖνάν
304 702 336 743 τ’
362 703 427 753 ἠδὲ
451 707 611 756 χιτῶνα,
637 703 685 743 τά
708 702 740 742 τ’
766 705 858 743 αἰδῶ
885 704 1192 755 ἀμφικαλύπτει,

115 768 229 809 αὐτὸν
253 772 293 810 δὲ
319 770 505 810 κλαίοντα
531 771 624 812 θοὰς
650 770 712 810 ἐπὶ
738 772 832 819 νῆας
857 769 1002 822 ἀφήσω

115 836 324 887 πεπληγὼς
349 837 541 888 ἀγορῆθεν
568 835 748 876 ἀεικέσσι
774 835 1017 893 πληγῇσιν.”

175 900 252 943 ὁΩς
277 902 336 954 ἄρ’
362 902 451 954 ἔφη,
481 901 665 956 σκήπτρῳ
692 904 733 942 δὲ
758 901 1004 954 μετάφρενον
1028 902 1095 952 ἠδὲ
1123 903 1183 942 καὶ
1209 902 1298 954 ὤμω
1371 907 1432 946 265

115 966 275 1018 πλῆξεν·
314 969 333 1007 ὁ
359 968 390 1008 δ’
418 969 571 1018 ἰδνώθη,
600 968 768 1021 θαλερὸν
793 966 834 1008 δέ
859 970 894 1008 οἱ
919 968 1063 1010 ἔκπεσε
1081 961 1218 1021 δάκρυ·

116 1033 267 1085 σμῶδιξ
289 1034 320 1074 δ’
346 1035 595 1085 αἱματόεσσα
619 1033 866 1087 μεταφρένου
891 1033 1135 1085 ἐξυπανέστη

116 1100 312 1152 σκήπτρου
337 1102 411 1141 ὕπο
435 1099 619 1153 χρυσέου·
657 1102 677 1140 ὁ
702 1100 734 1140 δ’
760 1100 818 1152 ἄρ’
844 1101 950 1150 ἕζετο
975 1099 1177 1153 τάρβησέν
1202 1118 1255 1147 τε,

115 1165 294 1218 ἀλγήσας
319 1166 351 1207 δ’
378 1167 536 1219 ἀχρεῖον
563 1167 654 1207 ἰδὼν
680 1165 928 1218 ἀπομόρξατο
954 1166 1084 1218 δάκρυ.

115 1234 150 1272 οἱ
174 1234 215 1273 δὲ
241 1233 302 1273 καὶ
327 1233 542 1286 ἀχνύμενοί
563 1250 634 1284 περ
660 1232 720 1273 ἐπ’
748 1233 849 1287 αὐτῷ
874 1232 944 1283 ἡδὺ
970 1231 1192 1284 γέλασσαν·
1374 1245 1436 1276 270

115 1299 188 1338 ὧδε
214 1297 255 1338 δέ
280 1316 337 1340 τις
363 1300 544 1339 εἴπεσκεν
570 1300 661 1340 ἰδὼν
687 1300 726 1340 ἐς
751 1299 926 1349 πλησίον
951 1299 1089 1340 ἄλλον·

117 1366 141 1381 “
158 1363 187 1404 ὣ
212 1365 343 1411 πόποι,
370 1363 393 1415 ἦ
418 1364 463 1414 δὴ
488 1364 594 1417 μυρί’
619 1364 840 1407 Ὀδυσσεὺς
866 1367 994 1406 ἐσθλὰ
1019 1365 1130 1417 ἔοργε

115 1430 265 1482 βουλάς
288 1431 321 1471 τ’
349 1430 525 1484 ἐξάρχων
551 1432 700 1483 ἀγαθὰς
724 1432 900 1482 πόλεμόν
923 1449 965 1472 τε
992 1433 1212 1483 κορύσσων·

115 1500 182 1538 νῦν
208 1499 248 1537 δὲ
273 1498 362 1538 τόδε
385 1496 472 1549 μέγ’
497 1496 660 1549 ἄριστον
687 1499 728 1538 ἐν
753 1497 997 1550 Ἀργείοισιν
1023 1498 1167 1550 ἔρεξεν,

115 1562 157 1605 ὃς
179 1564 247 1604 τὸν
271 1566 488 1615 λωβητῆρα
513 1565 742 1614 ἐπεσβόλον
767 1563 855 1616 ἔσχ’
881 1563 1072 1616 ἀγοράων.
1374 1576 1434 1607 275

115 1629 159 1669 οὔ
183 1628 254 1680 θήν
278 1647 343 1681 μιν
368 1629 487 1670 πάλιν
512 1630 618 1671 αὖτις
643 1629 783 1679 ἀνήσει
807 1629 925 1680 θυμὸς
951 1629 1104 1683 ἀγήνωρ

115 1697 292 1737 νεικείειν
316 1698 518 1747 βασιλῆας
543 1697 744 1738 ὀνειδείοις
769 1694 997 1737 ἐπέεσσιν.”

175 1760 254 1804 ΔΩς
279 1762 416 1814 φάσαν
439 1763 462 1813 ἡ
488 1764 650 1813 πληθύς·
688 1764 763 1803 ἀνὰ
787 1762 819 1802 δ’
845 1764 865 1802 ὁ
892 1763 1155 1815 πτολίπορθος
1181 1762 1401 1804 Ὀδυσσεὺς

117 1828 210 1878 ἔστη
236 1831 435 1881 σκῆπτρον
461 1829 575 1881 ἔχων·
614 1830 717 1881 παρὰ
742 1831 783 1870 δὲ
807 1833 1032 1881 γλαυκῶπις
1056 1827 1202 1879 Ἀθήνη

117 1893 291 1945 εἰδομένη
319 1894 451 1947 κήρυκι
475 1898 629 1936 σιωπᾶν
652 1894 752 1936 λαὸν
777 1895 932 1947 ἀνώγει,
1375 1899 1436 1929 280

117 1960 166 2002 ὣς
191 1959 269 2011 ἅμα
293 1960 327 2000 θ’
353 1963 389 2001 οἱ
414 1963 562 2013 πρῶτοί
583 1978 625 2002 τε
651 1961 712 2001 καὶ
736 1962 899 2002 ὕστατοι
923 1962 1003 2002 υἷες
1027 1960 1202 2015 Ἀχαιῶν

117 2029 235 2076 μῦθον
259 2027 468 2067 ἀκούσειαν
493 2029 556 2068 καὶ
583 2028 906 2080 ἐπιφρασσαίατο
931 2026 1098 2078 βουλήν·

117 2092 139 2131 ὅ
163 2097 261 2144 σφιν
286 2091 507 2145 ἐϋφρονέων
532 2092 758 2145 ἀγορήσατο
784 2095 846 2134 καὶ
870 2092 1087 2144 μετέειπεν·

119 2156 347 2210 “Ἀτρε“ι’·δη,
375 2162 441 2199 νῦν
465 2158 511 2208 δή
537 2176 598 2205 σε,
625 2159 735 2210 ἄναξ,
764 2158 972 2200 ἐθέλουσιν
997 2159 1153 2211 Ἀχαιοὶ

157 2253 218 2292 258
242 2249 304 2285 e't‘tc’
319 2253 376 2284 Ar.
395 2253 494 2295 (um),
510 2255 606 2287 codd.
626 2266 633 2286 t
651 2258 717 2288 εἶδ’
732 2257 812 2287 Zen.
930 2259 1090 2298 κιχείομαι
1108 2259 1190 2291 Ptol.
1208 2259 1287 2291 ASC.
1395 2263 1434 2293 ὥς

113 2295 150 2328 νύ
164 2309 220 2337 περ
239 2295 299 2328 ὧδε
315 2295 374 2328 ΑΓ.
394 2297 488 2328 codd.
508 2308 515 2328 τ
539 2299 578 2330 ὣς
592 2299 630 2330 τὸ
642 2299 738 2340 πάρος
751 2314 809 2341 περ
824 2300 943 2340 Sinop.
963 2312 969 2331 :
994 2303 1129 2342 ὕστερον
1146 2303 1231 2335 αὖθις
1247 2304 1349 2335 MaSS.
1368 2315 1375 2334 2
1401 2306 1436 2336 ἐν

115 2342 283 2371 Δαναοῖσιν
301 2338 449 2370 Philemo
538 2342 600 2379 264
625 2344 803 2383 πεπληγὼν
815 2354 842 2374 ν.
859 2343 880 2374 l.
901 2349 968 2374 ant.
1061 2346 1124 2375 266
1148 2346 1298 2388 θαλερὸν]
1317 2347 1434 2382 ἁλυκὸν

114 2379 228 2412 Zonar.
248 2382 312 2412 lex.
333 2392 392 2421 133
410 2382 502 2414 Suid.
523 2383 555 2414 in
571 2394 601 2415 v.
730 2386 849 2427 ἔκφυγε
867 2386 939 2425 Ata,
961 2397 989 2418 v.
1007 2386 1026 2418 l.
1047 2387 1080 2417 in
1098 2387 1156 2418 V¹⁹
1272 2391 1337 2428 269
1360 2392 1434 2422 ι’δῶν

115 2423 260 2456 Philetas
341 2427 403 2464 278
427 2428 453 2458 δ’
473 2428 488 2458 ὁ
499 2425 556 2457 Ar.
570 2426 674 2466 vulg:
699 2428 732 2460 δὲ
743 2439 773 2459 ν.
790 2429 808 2459 l.
821 2435 900 2468 ant„
916 2440 935 2461 e
948 2430 989 2461 al.
1078 2431 1139 2469 284
1166 2431 1220 2472 δή]
1231 2432 1293 2472 ’γάρ
1304 2432 1361 2463 Ar.
1379 2431 1433 2462 L¹⁴
