1629 2828
540 127 575 160 2.
652 116 901 155 ΙᾹῙΑΔΟΣ
953 113 981 149 Β

102 226 358 281 Ἀρκεσίλαός
383 240 424 263 τε
454 220 693 274 Προθοήνωρ
718 236 759 258 τε
789 216 955 257 Κλονίος
979 229 1034 258 τε,
1362 221 1423 251 495

104 298 142 337 οἵ
164 294 196 335 θ’
222 292 356 344 Ὕρίην
381 289 566 339 ἐνέμοντο
601 287 661 327 καὶ
688 284 837 324 Αὐλίδα
862 278 1113 332 πετρήεσσαν

107 360 272 416 Σχοῖνόν
298 374 338 398 τε
364 356 525 396 Σκῶλόν
553 371 594 394 τε
623 349 874 400 πολύκνημόν
900 346 932 386 τ’
958 343 1165 388 Ἐτεωνόν,

107 427 309 469 Θέσπειαν
334 420 478 475 Γραῖάν
509 438 550 461 τε
577 420 638 459 καὶ
666 416 877 469 εὐρύχορον
902 409 1191 460 Μυκαλησσόν,

107 495 144 535 οἵ
165 492 197 533 τ’
223 489 319 543 ἀμφ’
337 488 454 541 ‘'Apu'
488 486 670 537 ἐνέμοντο
698 483 758 523 καὶ
780 479 969 521 Εἰλέσιον
997 477 1058 517 καὶ
1082 471 1285 527 Ἐρυθράς,

108 558 198 601 οἵτ’
222 555 383 597 Ἐλεῶν’
412 555 522 607 εἶχον
551 552 610 603 ἡδ’
629 550 760 600 “Ύ’λην
787 548 847 588 καὶ
874 548 1072 589 Πετεῶνα,
1367 551 1430 581 500

107 623 307 674 Ὠκαλέην
332 618 522 662 Μεδεῶνά
555 618 601 665 τ’,
629 617 850 667 ἐϋκτίμενον
875 611 1120 661 πτολίεθρον,

111 692 254 733 Κώπας
280 688 479 741 Εὔτρησίν
508 703 549 727 τε
577 678 858 735 πολυτρήρωνά
883 696 924 719 τε
951 678 1131 727 Θίσβην,

110 760 148 800 οἵ
170 775 213 798 τε
237 756 460 808 Κορώνειαν
494 754 556 793 καὶ
581 748 752 800 ποιήενθ’
776 747 999 797 Ἁλίαρτον,

111 826 149 866 οἵ
170 841 211 865 τε
236 820 445 863 Πλάταιαν
478 820 572 872 ἕχον
597 816 656 868 ἠδ’
682 816 717 856 οἳ
744 811 931 854 Γλισᾶντ’
960 809 1155 859 ἐνέμοντο,

112 892 150 932 οἵ
172 889 204 930 θ’
231 887 461 939 (Ὑποθήβας
493 885 615 939 εἶχον,
643 883 867 931 ἐϋκτίμενον
893 877 1139 927 πτολίεθρον,
1372 881 1435 912 505

112 956 339 1009 Ὀγχηστόν
373 953 405 993 θ’
433 953 548 1004 ἱερόν,
577 947 795 998 Ποσιδήϊον
820 944 972 997 ἀγλαὸν
997 942 1134 985 ἄλσος,

114 1024 152 1064 οἵ
173 1040 213 1063 τε
245 1018 559 1072 πολυστάφυλον
580 1016 729 1068 ’Ἄρνην
755 1014 861 1066 ἕχον,
889 1012 926 1050 οἵ
948 1027 988 1049 τε
1016 1008 1182 1047 Μίδειαν

114 1087 248 1130 Νῖσάν
277 1106 317 1129 τε
347 1085 486 1137 ζαθέην
513 1083 730 1133 Ἀνθηδόνα
754 1079 785 1119 τ’
812 1077 1086 1130 ἐσχατόωσαν·

117 1160 190 1196 τῶν
223 1158 294 1208 μὲν
319 1152 562 1203 πεντήκοντα
587 1148 671 1190 νέες
697 1148 793 1190 κίον,
822 1146 863 1184 ἐν
888 1145 929 1183 δὲ
955 1139 1101 1194 ἑκάστῃ

120 1226 248 1276 κοῦροι
276 1223 456 1262 Βοιωτῶν
484 1215 621 1258 ἑκατὸν
648 1215 709 1254 καὶ
735 1214 860 1253 εἵκοσι
885 1212 1038 1260 βαῖνον.
1378 1213 1440 1243 510

189 1290 242 1330 Οἳ
267 1288 297 1329 δ’
322 1284 581 1335 Ἀσπληδόνα
606 1285 714 1322 ναῖον
741 1278 786 1319 ἰδ’
811 1273 1056 1329 Ὀρχομενὸν
1083 1270 1284 1314 Μινύειον,

121 1362 196 1398 τῶν
227 1354 314 1408 ἦρχ’
339 1350 599 1402 Ἀσκάλαφος
627 1348 688 1388 καὶ
714 1343 929 1395 Ἰάλμενος,
957 1342 1036 1381 υἷες
1058 1338 1218 1390 ”Αρηος,

124 1425 187 1466 οὓς
218 1420 328 1463 τέκεν
353 1419 552 1469 Ἀστυόχη
580 1416 683 1468 δόμῳ
703 1412 895 1462 ’Ἄκτορος
920 1406 1109 1457 Ἀζεΐδαο,

124 1487 316 1543 παρθένος
342 1486 482 1535 αἰδοίη,
509 1482 699 1533 ὑπερώϊον
726 1478 992 1527 εἰσαναβᾶσα,

117 1557 234 1609 ’Ἄρηϊ
261 1556 442 1607 κρατερῷ·
486 1552 506 1589 ὁ
531 1547 571 1590 δέ
599 1550 634 1589 οἱ
659 1542 901 1598 παρελέξατο
926 1538 1066 1595 λάθρῃ·
1382 1544 1443 1574 515

124 1628 204 1665 τοῖς
229 1626 270 1663 δὲ
295 1619 501 1673 τριήκοντα
529 1613 731 1668 γλαφυραὶ
758 1609 840 1651 νέες
868 1606 1118 1659 ἐστιχόωντο.

193 1689 322 1740 Αὐτὰρ
351 1683 527 1734 Φωκήων
555 1681 718 1734 Σχεδίος
744 1678 805 1717 καὶ
830 1675 1100 1724 Ἐπίστροφος
1126 1667 1261 1721 ἦρχον,

125 1754 225 1798 υἱέες
250 1755 403 1807 Ἰφίτου
428 1749 653 1802 μεγαθύμου
679 1743 950 1794 Ναυβολίδαο,

127 1823 162 1862 οἳ
190 1819 450 1872 Κυπάρισσον
476 1817 571 1868 ἕχον
599 1808 769 1853 Πυθῶνά
793 1825 834 1849 τε
859 1804 1110 1858 πετρήεσσαν

129 1886 283 1941 Κρῖσάν
308 1902 350 1926 τε
378 1881 517 1934 ζαθέην
545 1880 606 1921 καὶ
633 1877 812 1919 Δαυλίδα
839 1874 899 1914 καὶ
926 1871 1134 1918 Πανοπῆα,
1385 1875 1448 1905 520

129 1955 168 1994 οἵ
188 1953 221 1993 τ’
246 1951 509 2003 Ἀνεμώρειαν
537 1946 598 1987 καὶ
622 1943 842 2001 (Ὑάμπολιν
869 1935 1156 1991 ἀμφενέμοντο,

131 2020 169 2059 οἵ
190 2019 222 2059 τ’
247 2018 321 2071 ἄρα
345 2019 423 2067 πὰρ
448 2012 625 2064 ποταμὸν
652 2007 839 2061 Κηφισὸν
864 2009 946 2046 δῖον
972 2003 1114 2047 ἔναιον,

132 2087 171 2126 οἵ
192 2103 233 2126 τε
258 2085 426 2124 Λίλαιαν
451 2081 545 2133 ἔχον
570 2083 697 2134 πηγῇς
723 2077 786 2116 ἔπι
816 2073 1029 2124 Κηφισοῖο·

176 2187 237 2216 502
262 2173 401 2213 Θίσβην]
425 2171 559 2208 Μέσσην
577 2168 656 2199 Zen.
812 2171 873 2202 507
895 2157 1029 2201 Ἀρνην]
1042 2156 1184 2196 Ἀσκρην
1202 2152 1282 2183 Zen.
1301 2161 1307 2180 ε
1331 2148 1454 2189 Τάρνην

133 2232 163 2252 ν.
180 2221 200 2252 l.
217 2230 268 2260 ap.
289 2217 396 2249 strab.
416 2225 497 2254 413:
522 2213 551 2245 τ’
565 2212 683 2253 Ἀρνην
699 2205 757 2238 V'3
961 2203 1025 2241 508
1050 2196 1167 2237 Νῖσάν]
1178 2196 1279 2233 5Iffou,
1299 2194 1452 2234 Κρεῦσαν,

135 2263 242 2306 Φαράς,
263 2264 372 2294 Νῦσαν
390 2270 419 2290 ν.
436 2259 467 2289 ll.
487 2267 540 2296 ap.
563 2254 672 2286 strab.
693 2260 756 2291 405
772 2261 778 2280 :
805 2249 927 2281 Κίσσαν
946 2244 990 2275 R¹
1100 2241 1163 2280 516
1186 2241 1253 2270 τοῖς
1271 2237 1329 2267 Ar.
1353 2236 1460 2265 acet*

137 2307 166 2337 Α
182 2317 224 2338 ss.
244 2306 284 2336 al.
301 2316 306 2334 τ
333 2307 397 2335 τῶν
415 2301 504 2340 vulg.
610 2306 671 2337 517
696 2294 830 2331 Φωκήων
849 2296 881 2322 et
897 2287 1040 2321 Φωκείων
1060 2285 1115 2315 ΑΓ.
1138 2279 1289 2324 ζδιχῶςγ
1313 2277 1456 2310 Φωκείων

140 2349 179 2381 L'3
189 2348 230 2379 V¹
242 2359 300 2387 ss,
318 2346 414 2377 Diod.
432 2344 496 2374 xvi.
513 2352 554 2380 23
643 2340 705 2378 5¹8
723 2348 789 2368 non
803 2336 857 2366 cit.
877 2332 973 2363 Diod.
1084 2338 1147 2367 520
1170 2322 1362 2357 Πανοπτέων
1373 2320 1455 2350 ch.

225 2402 283 2432 521
312 2390 523 2429 Ἀνεμώλειαν
541 2396 570 2416 V.
588 2384 607 2415 l.
628 2393 680 2422 ap.
700 2380 809 2412 strab.
831 2388 892 2416 424
