<?xml version="1.0" encoding="UTF-8"?>
<!DOCTYPE html PUBLIC "-//W3C//DTD XHTML 1.0 Transitional//EN"
    "http://www.w3.org/TR/xhtml1/DTD/xhtml1-transitional.dtd">
<html xmlns="http://www.w3.org/1999/xhtml" xml:lang="en" lang="en">
 <head>
  <title>
</title>
<meta http-equiv="Content-Type" content="text/html;charset=utf-8" />
  <meta name='ocr-system' content='tesseract 3.04.00' />
  <meta name='ocr-capabilities' content='ocr_page ocr_carea ocr_par ocr_line ocrx_word'/>
</head>
<body>
  <div class='ocr_page' id='page_1' title='image "./operarecognoveru01homeuoft_0011.png"; bbox 0 0 1644 2823; ppageno 0'>
   <div class='ocr_carea' id='block_1_1' title="bbox 0 1610 3 2669">
    <p class='ocr_par' dir='ltr' id='par_1_1' title="bbox 0 1610 3 2669">
     <span class='ocr_line' id='line_1_1' title="bbox 0 1610 3 2669; baseline 0 0"><span class='ocrx_word' id='word_1_1' title='bbox 0 1610 3 2669; x_wconf 95' lang='lat' dir='ltr'><strong> </strong></span> 
     </span>
    </p>
   </div>
   <div class='ocr_carea' id='block_1_2' title="bbox 469 459 944 508">
    <p class='ocr_par' dir='ltr' id='par_1_2' title="bbox 469 459 944 508">
     <span class='ocr_line' id='line_1_2' title="bbox 469 459 944 508; baseline 0.002 -2"><span class='ocrx_word' id='word_1_2' title='bbox 469 459 944 508; x_wconf 83' lang='lat' dir='ltr'><strong>PRAEFATIO</strong></span> 
     </span>
    </p>
   </div>
   <div class='ocr_carea' id='block_1_3' title="bbox 45 604 1376 2309">
    <p class='ocr_par' dir='ltr' id='par_1_3' title="bbox 45 604 1376 2309">
     <span class='ocr_line' id='line_1_3' title="bbox 105 604 1370 659; baseline 0.002 -15"><span class='ocrx_word' id='word_1_3' title='bbox 105 604 468 647; x_wconf 84' lang='lat' dir='ltr'>PRAEFATIONIS</span> <span class='ocrx_word' id='word_1_4' title='bbox 491 619 541 646; x_wconf 88' lang='lat' dir='ltr'><strong>ea</strong></span> <span class='ocrx_word' id='word_1_5' title='bbox 563 605 673 646; x_wconf 89' lang='lat' dir='ltr'><strong>solet</strong></span> <span class='ocrx_word' id='word_1_6' title='bbox 696 620 787 646; x_wconf 89' lang='lat' dir='ltr'><strong>esse</strong></span> <span class='ocrx_word' id='word_1_7' title='bbox 806 607 916 647; x_wconf 89' lang='lat' dir='ltr'><strong>ratio</strong></span> <span class='ocrx_word' id='word_1_8' title='bbox 932 612 978 646; x_wconf 85' lang='lat' dir='ltr'><strong>ut</strong></span> <span class='ocrx_word' id='word_1_9' title='bbox 997 605 1211 659; x_wconf 82' lang='lat' dir='ltr'><strong>praesidia</strong></span> <span class='ocrx_word' id='word_1_10' title='bbox 1228 606 1370 658; x_wconf 88' lang='lat' dir='ltr'><strong>operis</strong></span> 
     </span>
     <span class='ocr_line' id='line_1_4' title="bbox 46 673 1373 727; baseline 0.001 -14"><span class='ocrx_word' id='word_1_11' title='bbox 46 673 230 726; x_wconf 88' lang='lat' dir='ltr'><strong>suscepti</strong></span> <span class='ocrx_word' id='word_1_12' title='bbox 265 680 576 723; x_wconf 77' lang='lat' dir='ltr'><strong>recenseantur,</strong></span> <span class='ocrx_word' id='word_1_13' title='bbox 620 674 715 714; x_wconf 87' lang='lat' dir='ltr'>libri</span> <span class='ocrx_word' id='word_1_14' title='bbox 754 674 1030 727; x_wconf 89' lang='lat' dir='ltr'><strong>manuscripti</strong></span> <span class='ocrx_word' id='word_1_15' title='bbox 1068 680 1373 714; x_wconf 81' lang='lat' dir='ltr'><strong>enumerentur</strong></span> 
     </span>
     <span class='ocr_line' id='line_1_5' title="bbox 47 742 1372 797; baseline 0.001 -15"><span class='ocrx_word' id='word_1_16' title='bbox 47 748 89 782; x_wconf 85' lang='lat' dir='ltr'><strong>et</strong></span> <span class='ocrx_word' id='word_1_17' title='bbox 114 742 428 795; x_wconf 81' lang='lat' dir='ltr'><strong>expendantur,</strong></span> <span class='ocrx_word' id='word_1_18' title='bbox 452 743 639 797; x_wconf 88' lang='lat' dir='ltr'><strong>denique</strong></span> <span class='ocrx_word' id='word_1_19' title='bbox 667 756 723 783; x_wconf 77' lang='lat' dir='ltr'><strong>ex</strong></span> <span class='ocrx_word' id='word_1_20' title='bbox 756 743 805 783; x_wconf 91' lang='lat' dir='ltr'><strong>iis</strong></span> <span class='ocrx_word' id='word_1_21' title='bbox 837 743 984 784; x_wconf 88' lang='lat' dir='ltr'><strong>critica</strong></span> <span class='ocrx_word' id='word_1_22' title='bbox 1014 749 1164 785; x_wconf 81' lang='lat' dir='ltr'><strong>textus</strong></span> <span class='ocrx_word' id='word_1_23' title='bbox 1194 742 1372 783; x_wconf 88' lang='lat' dir='ltr'><strong>historia</strong></span> 
     </span>
     <span class='ocr_line' id='line_1_6' title="bbox 47 809 1374 866; baseline 0.002 -16"><span class='ocrx_word' id='word_1_24' title='bbox 47 809 145 852; x_wconf 86' lang='lat' dir='ltr'><strong>fiat:</strong></span> <span class='ocrx_word' id='word_1_25' title='bbox 179 811 296 852; x_wconf 89' lang='lat' dir='ltr'><strong>cuius</strong></span> <span class='ocrx_word' id='word_1_26' title='bbox 319 812 376 852; x_wconf 89' lang='lat' dir='ltr'><strong>rei</strong></span> <span class='ocrx_word' id='word_1_27' title='bbox 400 812 580 852; x_wconf 89' lang='lat' dir='ltr'><strong>materia</strong></span> <span class='ocrx_word' id='word_1_28' title='bbox 597 825 619 852; x_wconf 94' lang='lat' dir='ltr'><strong>e</strong></span> <span class='ocrx_word' id='word_1_29' title='bbox 638 812 908 853; x_wconf 84' lang='lat' dir='ltr'><strong>documentis</strong></span> <span class='ocrx_word' id='word_1_30' title='bbox 931 812 1186 866; x_wconf 88' lang='lat' dir='ltr'><strong>plerumque</strong></span> <span class='ocrx_word' id='word_1_31' title='bbox 1205 818 1374 854; x_wconf 86' lang='lat' dir='ltr'><strong>constat</strong></span> 
     </span>
     <span class='ocr_line' id='line_1_7' title="bbox 47 879 1372 933; baseline 0.002 -14"><span class='ocrx_word' id='word_1_32' title='bbox 47 892 72 919; x_wconf 90' lang='lat' dir='ltr'><strong>a</strong></span> <span class='ocrx_word' id='word_1_33' title='bbox 120 879 263 920; x_wconf 89' lang='lat' dir='ltr'><strong>medio</strong></span> <span class='ocrx_word' id='word_1_34' title='bbox 310 893 416 921; x_wconf 86' lang='lat' dir='ltr'><strong>aevo</strong></span> <span class='ocrx_word' id='word_1_35' title='bbox 457 882 574 933; x_wconf 92' lang='lat' dir='ltr'><strong>quod</strong></span> <span class='ocrx_word' id='word_1_36' title='bbox 616 887 773 922; x_wconf 85' lang='lat' dir='ltr'><strong>vocant</strong></span> <span class='ocrx_word' id='word_1_37' title='bbox 822 880 1040 933; x_wconf 88' lang='lat' dir='ltr'><strong>profectis,</strong></span> <span class='ocrx_word' id='word_1_38' title='bbox 1083 895 1177 922; x_wconf 89' lang='lat' dir='ltr'><strong>raro</strong></span> <span class='ocrx_word' id='word_1_39' title='bbox 1226 888 1372 922; x_wconf 86' lang='lat' dir='ltr'><strong>autem</strong></span> 
     </span>
     <span class='ocr_line' id='line_1_8' title="bbox 47 948 1374 1003; baseline 0.002 -15"><span class='ocrx_word' id='word_1_40' title='bbox 47 948 267 989; x_wconf 88' lang='lat' dir='ltr'><strong>saeculum</strong></span> <span class='ocrx_word' id='word_1_41' title='bbox 282 950 587 991; x_wconf 90' lang='lat' dir='ltr'><strong>duodecimum</strong></span> <span class='ocrx_word' id='word_1_42' title='bbox 603 956 818 991; x_wconf 84' lang='lat' dir='ltr'><strong>vetustate</strong></span> <span class='ocrx_word' id='word_1_43' title='bbox 834 949 1150 1003; x_wconf 78' lang='lat' dir='ltr'><strong>superantibus.</strong></span> <span class='ocrx_word' id='word_1_44' title='bbox 1190 950 1374 990; x_wconf 86' lang='lat' dir='ltr'><strong>Homeri</strong></span> 
     </span>
     <span class='ocr_line' id='line_1_9' title="bbox 47 1017 1374 1071; baseline 0 -13"><span class='ocrx_word' id='word_1_45' title='bbox 47 1030 149 1059; x_wconf 90' lang='lat' dir='ltr'><strong>vero</strong></span> <span class='ocrx_word' id='word_1_46' title='bbox 169 1017 296 1071; x_wconf 85' lang='lat' dir='ltr'><strong>longe</strong></span> <span class='ocrx_word' id='word_1_47' title='bbox 318 1018 402 1059; x_wconf 88' lang='lat' dir='ltr'><strong>alia</strong></span> <span class='ocrx_word' id='word_1_48' title='bbox 424 1024 487 1059; x_wconf 92' lang='lat' dir='ltr'><strong>est</strong></span> <span class='ocrx_word' id='word_1_49' title='bbox 510 1019 716 1068; x_wconf 86' lang='lat' dir='ltr'><strong>condicio,</strong></span> <span class='ocrx_word' id='word_1_50' title='bbox 739 1025 889 1071; x_wconf 85' lang='lat' dir='ltr'><strong>utpote</strong></span> <span class='ocrx_word' id='word_1_51' title='bbox 911 1019 1029 1059; x_wconf 85' lang='lat' dir='ltr'><strong>euius</strong></span> <span class='ocrx_word' id='word_1_52' title='bbox 1059 1024 1206 1059; x_wconf 81' lang='lat' dir='ltr'><strong>textus</strong></span> <span class='ocrx_word' id='word_1_53' title='bbox 1237 1019 1374 1059; x_wconf 87' lang='lat' dir='ltr'><strong>fontes</strong></span> 
     </span>
     <span class='ocr_line' id='line_1_10' title="bbox 50 1085 1373 1140; baseline 0.001 -14"><span class='ocrx_word' id='word_1_54' title='bbox 50 1085 188 1126; x_wconf 86' lang='lat' dir='ltr'><strong>multo</strong></span> <span class='ocrx_word' id='word_1_55' title='bbox 228 1086 357 1127; x_wconf 89' lang='lat' dir='ltr'><strong>altius</strong></span> <span class='ocrx_word' id='word_1_56' title='bbox 398 1093 592 1140; x_wconf 86' lang='lat' dir='ltr'><strong>repetere</strong></span> <span class='ocrx_word' id='word_1_57' title='bbox 638 1087 775 1137; x_wconf 86' lang='lat' dir='ltr'><strong>liceat,</strong></span> <span class='ocrx_word' id='word_1_58' title='bbox 813 1087 947 1128; x_wconf 89' lang='lat' dir='ltr'><strong>immo</strong></span> <span class='ocrx_word' id='word_1_59' title='bbox 982 1087 1038 1127; x_wconf 90' lang='lat' dir='ltr'><strong>ad</strong></span> <span class='ocrx_word' id='word_1_60' title='bbox 1081 1087 1174 1139; x_wconf 88' lang='lat' dir='ltr'><strong>ipsa</strong></span> <span class='ocrx_word' id='word_1_61' title='bbox 1215 1087 1373 1127; x_wconf 79' lang='lat' dir='ltr'><strong>liberae</strong></span> 
     </span>
     <span class='ocr_line' id='line_1_11' title="bbox 50 1153 1375 1209; baseline 0.001 -14"><span class='ocrx_word' id='word_1_62' title='bbox 50 1153 257 1196; x_wconf 82' lang='lat' dir='ltr'><strong>Graeciae</strong></span> <span class='ocrx_word' id='word_1_63' title='bbox 289 1162 488 1209; x_wconf 85' lang='lat' dir='ltr'><strong>tempora</strong></span> <span class='ocrx_word' id='word_1_64' title='bbox 523 1156 734 1208; x_wconf 82' lang='lat' dir='ltr'><strong>persequi.</strong></span> <span class='ocrx_word' id='word_1_65' title='bbox 812 1155 986 1196; x_wconf 81' lang='lat' dir='ltr'><strong>Etenim</strong></span> <span class='ocrx_word' id='word_1_66' title='bbox 1021 1169 1089 1195; x_wconf 88' lang='lat' dir='ltr'><strong>ars</strong></span> <span class='ocrx_word' id='word_1_67' title='bbox 1123 1155 1195 1196; x_wconf 91' lang='lat' dir='ltr'><strong>illa</strong></span> <span class='ocrx_word' id='word_1_68' title='bbox 1232 1156 1375 1196; x_wconf 86' lang='lat' dir='ltr'><strong>critica</strong></span> 
     </span>
     <span class='ocr_line' id='line_1_12' title="bbox 48 1223 1375 1277; baseline 0.002 -14"><span class='ocrx_word' id='word_1_69' title='bbox 48 1236 158 1275; x_wconf 91' lang='lat' dir='ltr'><strong>quae</strong></span> <span class='ocrx_word' id='word_1_70' title='bbox 198 1223 407 1265; x_wconf 91' lang='lat' dir='ltr'><strong>librorum</strong></span> <span class='ocrx_word' id='word_1_71' title='bbox 456 1224 779 1277; x_wconf 87' lang='lat' dir='ltr'><strong>comparatione</strong></span> <span class='ocrx_word' id='word_1_72' title='bbox 829 1230 1039 1276; x_wconf 75' lang='lat' dir='ltr'><strong>tanquam</strong></span> <span class='ocrx_word' id='word_1_73' title='bbox 1092 1224 1375 1265; x_wconf 87' lang='lat' dir='ltr'><strong>fundamento</strong></span> 
     </span>
     <span class='ocr_line' id='line_1_13' title="bbox 48 1293 1374 1346; baseline 0.001 -14"><span class='ocrx_word' id='word_1_74' title='bbox 48 1293 209 1341; x_wconf 84' lang='lat' dir='ltr'><strong>nititur,</strong></span> <span class='ocrx_word' id='word_1_75' title='bbox 241 1306 338 1333; x_wconf 89' lang='lat' dir='ltr'><strong>cum</strong></span> <span class='ocrx_word' id='word_1_76' title='bbox 376 1307 399 1333; x_wconf 95' lang='lat' dir='ltr'><strong>e</strong></span> <span class='ocrx_word' id='word_1_77' title='bbox 433 1293 627 1334; x_wconf 86' lang='lat' dir='ltr'><strong>doctrina</strong></span> <span class='ocrx_word' id='word_1_78' title='bbox 665 1293 900 1333; x_wconf 86' lang='lat' dir='ltr'><strong>Homerica</strong></span> <span class='ocrx_word' id='word_1_79' title='bbox 934 1293 1143 1346; x_wconf 79' lang='lat' dir='ltr'><strong>originem</strong></span> <span class='ocrx_word' id='word_1_80' title='bbox 1179 1294 1374 1342; x_wconf 78' lang='lat' dir='ltr'><strong>traxerit,</strong></span> 
     </span>
     <span class='ocr_line' id='line_1_14' title="bbox 47 1360 1375 1415; baseline 0.001 -13"><span class='ocrx_word' id='word_1_81' title='bbox 47 1363 163 1415; x_wconf 89' lang='lat' dir='ltr'><strong>apud</strong></span> <span class='ocrx_word' id='word_1_82' title='bbox 196 1361 410 1402; x_wconf 83' lang='lat' dir='ltr'><strong>litteratos</strong></span> <span class='ocrx_word' id='word_1_83' title='bbox 436 1361 702 1402; x_wconf 84' lang='lat' dir='ltr'><strong>viros—illos</strong></span> <span class='ocrx_word' id='word_1_84' title='bbox 725 1362 822 1402; x_wconf 86' lang='lat' dir='ltr'><strong>dico</strong></span> <span class='ocrx_word' id='word_1_85' title='bbox 844 1375 952 1414; x_wconf 87' lang='lat' dir='ltr'><strong>quos</strong></span> <span class='ocrx_word' id='word_1_86' title='bbox 975 1361 1234 1402; x_wconf 81' lang='lat' dir='ltr'><strong>Aristoteles</strong></span> <span class='ocrx_word' id='word_1_87' title='bbox 1251 1360 1263 1384; x_wconf 75' lang='lat'><strong>¹</strong></span> <span class='ocrx_word' id='word_1_88' title='bbox 1286 1362 1375 1404; x_wconf 82' lang='grc' dir='ltr'>τοὺς</span> 
     </span>
     <span class='ocr_line' id='line_1_15' title="bbox 48 1429 1374 1484; baseline 0.001 -15"><span class='ocrx_word' id='word_1_89' title='bbox 48 1429 235 1482; x_wconf 80' lang='grc' dir='ltr'>ἀρχαίους</span> <span class='ocrx_word' id='word_1_90' title='bbox 265 1429 484 1482; x_wconf 80' lang='grc' dir='ltr'>ὁμηρικούς,</span> <span class='ocrx_word' id='word_1_91' title='bbox 509 1430 662 1471; x_wconf 81' lang='lat' dir='ltr'><strong>Plato2</strong></span> <span class='ocrx_word' id='word_1_92' title='bbox 690 1431 829 1484; x_wconf 76' lang='lat' dir='ltr'><strong>magis</strong></span> <span class='ocrx_word' id='word_1_93' title='bbox 861 1431 1026 1483; x_wconf 86' lang='lat' dir='ltr'><strong>poetice</strong></span> <span class='ocrx_word' id='word_1_94' title='bbox 1058 1429 1275 1482; x_wconf 81' lang='grc' dir='ltr'>Ὁμηρίδας</span> <span class='ocrx_word' id='word_1_95' title='bbox 1306 1431 1374 1471; x_wconf 85' lang='lat' dir='ltr'><strong>vel</strong></span> 
     </span>
     <span class='ocr_line' id='line_1_16' title="bbox 45 1497 1376 1552; baseline 0 -12"><span class='ocrx_word' id='word_1_96' title='bbox 45 1500 54 1518; x_wconf 69' lang='lat'><strong><em>⁶</em></strong></span> <span class='ocrx_word' id='word_1_97' title='bbox 72 1498 251 1540; x_wconf 86' lang='lat' dir='ltr'><strong>Homeri</strong></span> <span class='ocrx_word' id='word_1_98' title='bbox 267 1499 447 1552; x_wconf 81' lang='lat' dir='ltr'><strong>gentiles</strong></span> <span class='ocrx_word' id='word_1_99' title='bbox 463 1497 471 1514; x_wconf 92' lang='lat'><em>&#39;</em></span> <span class='ocrx_word' id='word_1_100' title='bbox 487 1499 842 1552; x_wconf 86' lang='lat' dir='ltr'><strong>appellat—inde</strong></span> <span class='ocrx_word' id='word_1_101' title='bbox 860 1513 884 1539; x_wconf 88' lang='lat' dir='ltr'><strong>a</strong></span> <span class='ocrx_word' id='word_1_102' title='bbox 902 1500 1055 1552; x_wconf 89' lang='lat' dir='ltr'><strong>quinto</strong></span> <span class='ocrx_word' id='word_1_103' title='bbox 1079 1509 1123 1541; x_wconf 83' lang='lat' dir='ltr'><strong>A.</strong></span> <span class='ocrx_word' id='word_1_104' title='bbox 1143 1508 1182 1540; x_wconf 94' lang='lat' dir='ltr'><strong>C.</strong></span> <span class='ocrx_word' id='word_1_105' title='bbox 1202 1500 1376 1541; x_wconf 87' lang='lat' dir='ltr'><strong>saeculo</strong></span> 
     </span>
     <span class='ocr_line' id='line_1_17' title="bbox 48 1568 1376 1621; baseline 0.001 -13"><span class='ocrx_word' id='word_1_106' title='bbox 48 1569 184 1621; x_wconf 82' lang='lat' dir='ltr'><strong>viguit</strong></span> <span class='ocrx_word' id='word_1_107' title='bbox 204 1575 336 1621; x_wconf 86' lang='lat' dir='ltr'><strong>atque</strong></span> <span class='ocrx_word' id='word_1_108' title='bbox 357 1568 534 1608; x_wconf 80' lang='lat' dir='ltr'><strong>exculta</strong></span> <span class='ocrx_word' id='word_1_109' title='bbox 564 1575 640 1609; x_wconf 87' lang='lat' dir='ltr'><strong>est.</strong></span> <span class='ocrx_word' id='word_1_110' title='bbox 701 1568 788 1609; x_wconf 76' lang='lat' dir='ltr'><strong>Ars</strong></span> <span class='ocrx_word' id='word_1_111' title='bbox 820 1575 965 1609; x_wconf 88' lang='lat' dir='ltr'><strong>autem</strong></span> <span class='ocrx_word' id='word_1_112' title='bbox 999 1568 1152 1608; x_wconf 87' lang='lat' dir='ltr'><strong>eadem</strong></span> <span class='ocrx_word' id='word_1_113' title='bbox 1186 1570 1240 1609; x_wconf 87' lang='lat' dir='ltr'><strong>ad</strong></span> <span class='ocrx_word' id='word_1_114' title='bbox 1270 1568 1376 1610; x_wconf 87' lang='lat' dir='ltr'><strong>alios</strong></span> 
     </span>
     <span class='ocr_line' id='line_1_18' title="bbox 48 1636 1374 1691; baseline -0.002 -13"><span class='ocrx_word' id='word_1_115' title='bbox 48 1638 281 1691; x_wconf 89' lang='lat' dir='ltr'><strong>scriptores</strong></span> <span class='ocrx_word' id='word_1_116' title='bbox 302 1638 378 1677; x_wconf 81' lang='lat' dir='ltr'><strong>vix</strong></span> <span class='ocrx_word' id='word_1_117' title='bbox 400 1643 502 1677; x_wconf 87' lang='lat' dir='ltr'><strong>ante</strong></span> <span class='ocrx_word' id='word_1_118' title='bbox 525 1644 696 1678; x_wconf 89' lang='lat' dir='ltr'><strong>renatas</strong></span> <span class='ocrx_word' id='word_1_119' title='bbox 720 1638 760 1677; x_wconf 86' lang='lat' dir='ltr'><strong>in</strong></span> <span class='ocrx_word' id='word_1_120' title='bbox 786 1637 964 1689; x_wconf 79' lang='lat' dir='ltr'><strong>Europa</strong></span> <span class='ocrx_word' id='word_1_121' title='bbox 994 1636 1156 1677; x_wconf 85' lang='lat' dir='ltr'><strong>litteras</strong></span> <span class='ocrx_word' id='word_1_122' title='bbox 1179 1637 1374 1677; x_wconf 84' lang='lat' dir='ltr'><strong>adhiberi</strong></span> 
     </span>
     <span class='ocr_line' id='line_1_19' title="bbox 49 1704 1372 1759; baseline 0 -13"><span class='ocrx_word' id='word_1_123' title='bbox 49 1707 204 1759; x_wconf 91' lang='lat' dir='ltr'><strong>potuit.</strong></span> <span class='ocrx_word' id='word_1_124' title='bbox 252 1706 470 1758; x_wconf 83' lang='lat' dir='ltr'><strong>Equidem</strong></span> <span class='ocrx_word' id='word_1_125' title='bbox 494 1705 631 1745; x_wconf 88' lang='lat' dir='ltr'><strong>fateor</strong></span> <span class='ocrx_word' id='word_1_126' title='bbox 652 1706 707 1745; x_wconf 87' lang='lat' dir='ltr'><strong>ab</strong></span> <span class='ocrx_word' id='word_1_127' title='bbox 730 1705 917 1758; x_wconf 77' lang='lat' dir='ltr'><strong>antiquis</strong></span> <span class='ocrx_word' id='word_1_128' title='bbox 936 1704 1016 1745; x_wconf 87' lang='lat' dir='ltr'><strong>illis</strong></span> <span class='ocrx_word' id='word_1_129' title='bbox 1035 1705 1197 1745; x_wconf 87' lang='lat' dir='ltr'><strong>nullam</strong></span> <span class='ocrx_word' id='word_1_130' title='bbox 1217 1705 1372 1746; x_wconf 89' lang='lat' dir='ltr'><strong>iustam</strong></span> 
     </span>
     <span class='ocr_line' id='line_1_20' title="bbox 52 1773 1372 1827; baseline -0.001 -12"><span class='ocrx_word' id='word_1_131' title='bbox 52 1775 233 1815; x_wconf 88' lang='lat' dir='ltr'><strong>Homeri</strong></span> <span class='ocrx_word' id='word_1_132' title='bbox 257 1774 562 1823; x_wconf 88' lang='lat' dir='ltr'><strong>recensionem,</strong></span> <span class='ocrx_word' id='word_1_133' title='bbox 586 1774 725 1814; x_wconf 88' lang='lat' dir='ltr'><strong>nullos</strong></span> <span class='ocrx_word' id='word_1_134' title='bbox 742 1774 1078 1815; x_wconf 81' lang='lat' dir='ltr'><strong>commentarios</strong></span> <span class='ocrx_word' id='word_1_135' title='bbox 1109 1773 1296 1827; x_wconf 81' lang='lat' dir='ltr'><strong>integros</strong></span> <span class='ocrx_word' id='word_1_136' title='bbox 1319 1775 1372 1815; x_wconf 89' lang='lat' dir='ltr'><strong>ad</strong></span> 
     </span>
     <span class='ocr_line' id='line_1_21' title="bbox 50 1842 1374 1896; baseline 0.001 -14"><span class='ocrx_word' id='word_1_137' title='bbox 50 1856 125 1884; x_wconf 90' lang='lat' dir='ltr'><strong>nos</strong></span> <span class='ocrx_word' id='word_1_138' title='bbox 162 1843 416 1896; x_wconf 85' lang='lat' dir='ltr'><strong>pervenisse.</strong></span> <span class='ocrx_word' id='word_1_139' title='bbox 480 1842 566 1883; x_wconf 83' lang='lat' dir='ltr'><strong>Sed</strong></span> <span class='ocrx_word' id='word_1_140' title='bbox 599 1850 720 1883; x_wconf 85' lang='lat' dir='ltr'><strong>tanta</strong></span> <span class='ocrx_word' id='word_1_141' title='bbox 752 1849 941 1895; x_wconf 86' lang='lat' dir='ltr'><strong>superest</strong></span> <span class='ocrx_word' id='word_1_142' title='bbox 974 1842 1205 1883; x_wconf 89' lang='lat' dir='ltr'><strong>lectionum</strong></span> <span class='ocrx_word' id='word_1_143' title='bbox 1238 1844 1374 1896; x_wconf 80' lang='lat' dir='ltr'><strong>copia,</strong></span> 
     </span>
     <span class='ocr_line' id='line_1_22' title="bbox 50 1911 1374 1965; baseline -0.001 -12"><span class='ocrx_word' id='word_1_144' title='bbox 50 1913 304 1965; x_wconf 90' lang='lat' dir='ltr'><strong>praesertim</strong></span> <span class='ocrx_word' id='word_1_145' title='bbox 336 1912 495 1961; x_wconf 84' lang='lat' dir='ltr'><strong>Iliadis,</strong></span> <span class='ocrx_word' id='word_1_146' title='bbox 521 1919 567 1952; x_wconf 91' lang='lat' dir='ltr'><strong>ut</strong></span> <span class='ocrx_word' id='word_1_147' title='bbox 597 1912 650 1952; x_wconf 90' lang='lat' dir='ltr'><strong>de</strong></span> <span class='ocrx_word' id='word_1_148' title='bbox 683 1911 880 1952; x_wconf 93' lang='lat' dir='ltr'><strong>Homero</strong></span> <span class='ocrx_word' id='word_1_149' title='bbox 913 1911 986 1951; x_wconf 87' lang='lat' dir='ltr'><strong>illo</strong></span> <span class='ocrx_word' id='word_1_150' title='bbox 1018 1912 1234 1952; x_wconf 84' lang='lat' dir='ltr'><strong>veteribus</strong></span> <span class='ocrx_word' id='word_1_151' title='bbox 1270 1918 1374 1952; x_wconf 87' lang='lat' dir='ltr'><strong>noto</strong></span> 
     </span>
     <span class='ocr_line' id='line_1_23' title="bbox 51 1980 1371 2034; baseline -0.001 -13"><span class='ocrx_word' id='word_1_152' title='bbox 51 1981 256 2021; x_wconf 90' lang='lat' dir='ltr'><strong>iudicium</strong></span> <span class='ocrx_word' id='word_1_153' title='bbox 288 1994 461 2021; x_wconf 86' lang='lat' dir='ltr'><strong>securus</strong></span> <span class='ocrx_word' id='word_1_154' title='bbox 495 1980 602 2021; x_wconf 83' lang='lat' dir='ltr'><strong>ferre</strong></span> <span class='ocrx_word' id='word_1_155' title='bbox 634 1981 781 2034; x_wconf 76' lang='lat' dir='ltr'><strong>possis.</strong></span> <span class='ocrx_word' id='word_1_156' title='bbox 856 1981 1084 2021; x_wconf 87' lang='lat' dir='ltr'><strong>Habemus</strong></span> <span class='ocrx_word' id='word_1_157' title='bbox 1115 1986 1371 2033; x_wconf 85' lang='lat' dir='ltr'><strong>apparatum</strong></span> 
     </span>
     <span class='ocr_line' id='line_1_24' title="bbox 51 2048 1374 2102; baseline 0.002 -15"><span class='ocrx_word' id='word_1_158' title='bbox 51 2049 245 2090; x_wconf 90' lang='lat' dir='ltr'><strong>criticum</strong></span> <span class='ocrx_word' id='word_1_159' title='bbox 268 2062 399 2102; x_wconf 90' lang='lat' dir='ltr'><strong>quem</strong></span> <span class='ocrx_word' id='word_1_160' title='bbox 417 2048 623 2101; x_wconf 90' lang='lat' dir='ltr'><strong>praebent</strong></span> <span class='ocrx_word' id='word_1_161' title='bbox 640 2049 809 2089; x_wconf 87' lang='lat' dir='ltr'><strong>codices</strong></span> <span class='ocrx_word' id='word_1_162' title='bbox 829 2049 977 2090; x_wconf 86' lang='lat' dir='ltr'><strong>nostri:</strong></span> <span class='ocrx_word' id='word_1_163' title='bbox 1002 2049 1211 2090; x_wconf 88' lang='lat' dir='ltr'><strong>habemus</strong></span> <span class='ocrx_word' id='word_1_164' title='bbox 1228 2051 1374 2102; x_wconf 80' lang='lat' dir='ltr'><strong>etiam,</strong></span> 
     </span>
     <span class='ocr_line' id='line_1_25' title="bbox 48 2117 1374 2172; baseline 0.001 -15"><span class='ocrx_word' id='word_1_165' title='bbox 48 2118 83 2158; x_wconf 89' lang='lat' dir='ltr'><strong>si</strong></span> <span class='ocrx_word' id='word_1_166' title='bbox 117 2131 200 2160; x_wconf 89' lang='lat' dir='ltr'><strong>non</strong></span> <span class='ocrx_word' id='word_1_167' title='bbox 235 2117 408 2172; x_wconf 90' lang='lat' dir='ltr'><strong>plenum</strong></span> <span class='ocrx_word' id='word_1_168' title='bbox 443 2118 575 2170; x_wconf 88' lang='lat' dir='ltr'><strong>ipsius</strong></span> <span class='ocrx_word' id='word_1_169' title='bbox 607 2117 847 2159; x_wconf 86' lang='lat' dir='ltr'><strong>Aristarchi</strong></span> <span class='ocrx_word' id='word_1_170' title='bbox 880 2125 1151 2171; x_wconf 84' lang='lat' dir='ltr'><strong>apparatum,</strong></span> <span class='ocrx_word' id='word_1_171' title='bbox 1182 2125 1226 2159; x_wconf 86' lang='lat' dir='ltr'><strong>at</strong></span> <span class='ocrx_word' id='word_1_172' title='bbox 1260 2125 1374 2159; x_wconf 88' lang='lat' dir='ltr'><strong>certe</strong></span> 
     </span>
     <span class='ocr_line' id='line_1_26' title="bbox 50 2185 1372 2241; baseline 0.002 -16"><span class='ocrx_word' id='word_1_173' title='bbox 50 2185 281 2228; x_wconf 86' lang='lat' dir='ltr'><strong>lectionum</strong></span> <span class='ocrx_word' id='word_1_174' title='bbox 304 2187 458 2227; x_wconf 89' lang='lat' dir='ltr'><strong>seriem</strong></span> <span class='ocrx_word' id='word_1_175' title='bbox 482 2201 506 2227; x_wconf 89' lang='lat' dir='ltr'><strong>a</strong></span> <span class='ocrx_word' id='word_1_176' title='bbox 526 2187 822 2240; x_wconf 83' lang='lat' dir='ltr'><strong>grammaticis</strong></span> <span class='ocrx_word' id='word_1_177' title='bbox 846 2187 1193 2228; x_wconf 87' lang='lat' dir='ltr'><strong>Ptolemaeorum</strong></span> <span class='ocrx_word' id='word_1_178' title='bbox 1216 2201 1372 2241; x_wconf 87' lang='lat' dir='ltr'><strong>aequa-</strong></span> 
     </span>
     <span class='ocr_line' id='line_1_27' title="bbox 50 2254 1373 2309; baseline 0.002 -14"><span class='ocrx_word' id='word_1_179' title='bbox 50 2254 161 2297; x_wconf 87' lang='lat' dir='ltr'><strong>libus</strong></span> <span class='ocrx_word' id='word_1_180' title='bbox 183 2256 458 2296; x_wconf 86' lang='lat' dir='ltr'><strong>instructam:</strong></span> <span class='ocrx_word' id='word_1_181' title='bbox 491 2269 601 2308; x_wconf 89' lang='lat' dir='ltr'><strong>quae</strong></span> <span class='ocrx_word' id='word_1_182' title='bbox 624 2269 721 2296; x_wconf 88' lang='lat' dir='ltr'><strong>cum</strong></span> <span class='ocrx_word' id='word_1_183' title='bbox 745 2257 819 2297; x_wconf 89' lang='lat' dir='ltr'><strong>diu</strong></span> <span class='ocrx_word' id='word_1_184' title='bbox 843 2256 884 2296; x_wconf 89' lang='lat' dir='ltr'><strong>in</strong></span> <span class='ocrx_word' id='word_1_185' title='bbox 913 2257 1076 2297; x_wconf 88' lang='lat' dir='ltr'><strong>scriniis</strong></span> <span class='ocrx_word' id='word_1_186' title='bbox 1108 2256 1373 2309; x_wconf 77' lang='lat' dir='ltr'><strong>latuisset,——</strong></span> 
     </span>
    </p>
   </div>
   <div class='ocr_carea' id='block_1_4' title="bbox 309 2346 1080 2431">
    <p class='ocr_par' dir='ltr' id='par_1_4' title="bbox 309 2346 1080 2431">
     <span class='ocr_line' id='line_1_28' title="bbox 309 2346 740 2387; baseline 0.007 -11"><span class='ocrx_word' id='word_1_187' title='bbox 309 2346 319 2364; x_wconf 78' lang='lat'>¹</span> <span class='ocrx_word' id='word_1_188' title='bbox 342 2346 444 2377; x_wconf 84' lang='lat' dir='ltr'><strong>Arist.</strong></span> <span class='ocrx_word' id='word_1_189' title='bbox 461 2347 605 2387; x_wconf 67' lang='lat' dir='ltr'><strong>Alelaplz.</strong></span> <span class='ocrx_word' id='word_1_190' title='bbox 625 2347 693 2379; x_wconf 79' lang='lat' dir='ltr'><strong>xiv,</strong></span> <span class='ocrx_word' id='word_1_191' title='bbox 711 2348 740 2379; x_wconf 88' lang='lat'><strong>6.</strong></span> 
     </span>
     <span class='ocr_line' id='line_1_29' title="bbox 309 2390 1080 2431; baseline 0.001 -11"><span class='ocrx_word' id='word_1_192' title='bbox 309 2391 320 2406; x_wconf 72' lang='lat'><strong>²</strong></span> <span class='ocrx_word' id='word_1_193' title='bbox 346 2390 439 2420; x_wconf 88' lang='lat' dir='ltr'><strong>Plato</strong></span> <span class='ocrx_word' id='word_1_194' title='bbox 454 2390 525 2422; x_wconf 73' lang='lat' dir='ltr'><strong>Ion.</strong></span> <span class='ocrx_word' id='word_1_195' title='bbox 545 2402 575 2431; x_wconf 87' lang='lat' dir='ltr'><strong>p.</strong></span> <span class='ocrx_word' id='word_1_196' title='bbox 597 2392 726 2430; x_wconf 79' lang='lat'>5301);</span> <span class='ocrx_word' id='word_1_197' title='bbox 751 2391 893 2423; x_wconf 78' lang='lat' dir='ltr'><strong>leedr.</strong></span> <span class='ocrx_word' id='word_1_198' title='bbox 914 2402 943 2431; x_wconf 84' lang='lat' dir='ltr'><strong>p.</strong></span> <span class='ocrx_word' id='word_1_199' title='bbox 966 2401 1028 2430; x_wconf 79' lang='lat'><strong>252</strong></span> <span class='ocrx_word' id='word_1_200' title='bbox 1042 2391 1080 2422; x_wconf 86' lang='grc' dir='ltr'><strong>Β.</strong></span> 
     </span>
    </p>
   </div>
   <div class='ocr_carea' id='block_1_5' title="bbox 698 2456 719 2476">
    <p class='ocr_par' dir='ltr' id='par_1_5' title="bbox 698 2456 719 2476">
     <span class='ocr_line' id='line_1_30' title="bbox 698 2456 719 2476; baseline 0 -13"><span class='ocrx_word' id='word_1_201' title='bbox 698 2456 719 2476; x_wconf 66' lang='lat' dir='ltr'>V</span> 
     </span>
    </p>
   </div>
  </div>
 </body>
</html>
