1660 2802
656 146 693 180 6.
766 142 1021 181 ΙΛΙΑΔΟΣ
1071 144 1102 181 Ζ

216 241 368 281 ἐλθόντ’
395 241 440 293 ἐξ
461 243 580 295 ἄκρης
606 245 743 286 πόλιος
770 247 837 285 Διὶ
863 249 998 298 χεῖρας
1022 247 1228 300 ἀνασχεῖν.

215 308 320 347 ἀλλὰ
344 307 440 359 μέν’,
468 311 573 362 ὄφρα
600 310 642 350 κέ
666 328 726 351 τοι
750 311 938 362 μελιηδέα
963 312 1070 352 οἶνον
1096 313 1242 360 ἐνείκω,

215 374 265 415 ὡς
292 376 462 431 σπείσῃς
491 377 557 416 Διὶ
584 378 698 428 πατρὶ
726 377 787 417 καὶ
812 377 953 419 ἄλλοις
979 378 1212 419 ἀθανάτοισι

214 445 381 492 πρῶτον,
410 441 543 482 ἔπειτα
569 445 609 483 δὲ
638 443 777 486 καύτὸς
804 443 978 493 ὀνήσεαι,
1007 447 1049 485 αἴ
1073 462 1114 486 κε
1140 447 1302 502 πίῃσθα.
1473 450 1535 482 260

213 507 324 558 ἀνδρὶ
351 510 391 549 δὲ
420 513 610 559 κεκμηῶτι
635 508 752 560 μένος
776 510 878 562 μέγα
904 511 1008 552 οἶνος
1035 510 1153 561 ἀέξει,

213 574 264 615 ὡς
289 574 381 624 τύνη
410 574 600 626 κέκμηκας
626 576 782 627 ἀμύνων
810 581 942 617 σοῖσιν
969 577 1119 633 ἕτῃσι.”

277 640 362 691 Τὴν
386 641 418 681 δ’
443 641 619 692 ἠμείβετ’
647 643 781 683 ἔπειτα
806 642 929 696 μέγας
958 646 1210 695 κορυθαίολος
1229 643 1399 698 ”Εκτωρ·

214 709 237 724 “
254 706 306 757 μή
331 725 397 758 μοι
423 708 529 749 οἶνον
555 708 658 761 ἄειρε
683 710 920 762 μελίφρονα,
952 711 1092 751 πότνια
1116 713 1250 763 μῆτερ,

210 772 261 823 μή
287 773 326 824 μ’
352 775 603 830 ἀπογυιώσῃς
628 775 778 826 μένεος,
808 777 930 827 ἀλκῆς
957 794 999 817 τε
1024 777 1216 828 λάθωμαι·
1471 782 1531 822 265

211 840 326 892 χερσὶ
353 840 383 879 δ’
411 842 636 882 ἀνίπτοισιν
664 843 731 882 Διὶ
757 844 912 894 λείβειν
938 845 1083 884 αἴθοπα
1108 845 1216 885 οἶνον

211 905 361 957 ἅζομαι·
399 906 490 948 οὐδέ
514 925 566 964 πῃ
594 910 682 949 ἔστι
708 909 935 962 κελαινεφέϊ
961 912 1154 961 Κρονίωνι

211 974 344 1023 αἵματι
370 974 431 1013 καὶ
456 974 585 1029 λύθρῳ
612 975 918 1028 πεπαλαγμένον
944 976 1218 1030 εὐχετάασθαι.

210 1040 316 1079 ἀλλὰ
343 1040 393 1080 σὺ
417 1042 489 1091 μὲν
514 1041 610 1093 πρὸς
635 1042 730 1092 νηὸν
755 1042 965 1094 Ἀθηναίης
991 1044 1172 1095 ἀγελείης

210 1106 323 1158 ἔρχεο
350 1106 424 1147 σὺν
450 1107 649 1154 θυέεσσιν,
678 1109 939 1150 ἀολλίσσασα
964 1110 1135 1162 γεραιάς·
1470 1121 1532 1152 270

210 1171 364 1214 πέπλον
390 1173 434 1220 δ’,
463 1175 505 1216 ὅς
530 1176 588 1216 τίς
613 1192 672 1216 τοι
698 1176 960 1228 χαριέστατος
986 1176 1053 1226 ἠδὲ
1078 1175 1265 1228 μέγιστος

210 1238 320 1280 ἔστιν
348 1239 403 1280 ἐνὶ
428 1240 584 1295 μεγάρῳ
612 1243 677 1282 καί
698 1259 759 1282 τοι
784 1243 886 1283 πολὺ
914 1244 1106 1295 φίλτατος
1132 1243 1240 1300 αὐτῇ,

210 1305 278 1346 τὸν
304 1309 366 1348 θὲς
392 1306 602 1358 Ἀθηναίης
629 1309 691 1348 ἐπὶ
718 1309 909 1360 γούνασιν
934 1309 1131 1360 ἠϋκόμοιο,

211 1375 276 1412 καί
297 1375 333 1413 οἱ
358 1373 612 1426 ὑποσχέσθαι
637 1376 865 1415 δυοκαίδεκα
891 1379 988 1425 βοῦς
1014 1376 1070 1416 ἐνὶ
1097 1379 1175 1430 νηῷ

208 1439 292 1489 ἤνις
318 1439 487 1490 ἠκέστας
513 1440 749 1493 ἱερευσέμεν,
777 1443 819 1481 αἵ
843 1441 874 1481 κ’
902 1441 1048 1497 ἐλεήσῃ
1469 1453 1531 1485 275

209 1505 308 1546 ἄστυ
334 1523 376 1547 τε
403 1507 464 1547 καὶ
489 1508 635 1559 Τρώων
662 1508 834 1561 ἀλόχους
861 1508 923 1548 καὶ
949 1507 1068 1558 νήπια
1093 1506 1220 1554 τέκνα,

209 1574 250 1612 αἴ
275 1590 339 1613 κεν
364 1573 511 1615 Τυδέος
535 1574 619 1615 υἱὸν
645 1575 807 1630 ἀπόσχῃ
833 1574 952 1615 Ἰλίου
979 1576 1073 1626 ἱρῆς,

209 1638 344 1691 ἄγριον
370 1640 577 1693 αἰχμητήν,
607 1641 793 1693 κρατερὸν
817 1640 1007 1694 μήστωρα
1032 1641 1194 1693 φόβοιο.

209 1706 314 1745 ἀλλὰ
341 1706 390 1746 σὺ
415 1709 486 1757 μὲν
513 1707 608 1759 πρὸς
634 1707 728 1758 νηὸν
754 1707 964 1758 Ἀθηναίης
989 1709 1171 1760 ἀγελείης

209 1771 336 1825 ἔρχευ,
365 1774 442 1825 ἐγὼ
469 1775 510 1814 δὲ
536 1774 665 1826 Πάριν
689 1774 988 1825 μετελεύσομαι,
1018 1776 1123 1827 ὄφρα
1149 1772 1347 1820 καλέσσω,
1467 1780 1529 1812 280

208 1840 250 1878 αἵ
274 1839 305 1878 κ’
332 1838 491 1896 ἐθέλῃσ’
517 1841 694 1882 εἰπόντος
721 1840 923 1891 ἀκουέμεν·
962 1841 1013 1883 ὥς
1039 1840 1082 1881 κέ
1106 1842 1142 1881 οἱ
1168 1841 1256 1880 αὖθι

209 1909 301 1956 γαῖα
326 1906 455 1959 χάνοι·
492 1906 594 1959 μέγα
620 1907 693 1959 γάρ
719 1924 785 1958 μιν
811 1907 1028 1957 Ὀλύμπιος
1055 1907 1196 1960 ’έτρεφε
1221 1909 1330 1958 πῆμα

207 1974 346 2023 Τρωσί
368 1989 409 2012 τε
437 1975 497 2013 καὶ
524 1973 688 2028 Πριάμῳ
714 1972 955 2026 μεγαλήτορι
980 1975 1064 2014 τοῖό
1088 1990 1130 2014 τε
1155 1974 1305 2014 παισίν.

209 2040 242 2078 εἰ
269 2039 396 2079 κεῖνόν
422 2056 465 2091 γε
491 2041 609 2090 ἴδοιμι
636 2039 860 2080 κατελθόντ’
879 2039 1015 2081 ”Amos
1042 2042 1149 2086 ε’ίσω,

210 2106 332 2156 φαίην
358 2122 399 2145 κε
426 2105 536 2157 φρέν’
563 2106 731 2158 ἀτέρπου
756 2107 881 2156 ὀϊζύος
907 2105 1229 2146 ἐκλελαθέσθαι.”
1466 2111 1526 2149 285

249 2201 309 2229 261
335 2198 436 2239 μέγα]
453 2198 540 2238 μάλα
557 2203 582 2229 h
776 2202 838 2239 265
862 2200 972 2240 μένεος
995 2201 1091 2232 Plato
1110 2201 1198 2232 Crat.
1219 2211 1280 2240 415
1298 2212 1329 2239 a,
1347 2201 1404 2232 Ar.
1427 2202 1530 2239 (teste

205 2241 332 2281 Eust.)‚
356 2242 445 2281 vulg.
465 2252 472 2272 :
495 2242 604 2281 μένεος
622 2245 648 2274 δ’
665 2247 690 2273 h
702 2254 739 2274 m
755 2243 801 2274 Uss
812 2243 871 2274 V10
881 2243 938 2274 V21
955 2256 961 2275 z
995 2243 1107 2283 μένεός
1123 2247 1152 2276 τ’
1169 2255 1222 2282 aq
1236 2244 1277 2274 L⁹
1290 2244 1345 2275 L¹8
1360 2244 1408 2274 Μ7
1424 2243 1472 2274 Μ8
1484 2244 1530 2275 Pa

208 2284 269 2314 U¹⁰
434 2285 498 2315 266
522 2286 694 2327 ἀνίπτῃσιν
711 2286 792 2317 Zen.
814 2287 904 2318 Hdn.
927 2297 951 2324 g·
1113 2298 1177 2326 270
1200 2288 1346 2331 ’γεραιροίς
1363 2298 1391 2318 v.
1406 2287 1425 2318 l.
1448 2288 1481 2318 in
1499 2287 1531 2317 A

208 2327 263 2367 (cf.
284 2328 340 2367 87)
475 2338 535 2366 271
562 2328 694 2360 πέπλων
711 2331 863 2361 admal.
882 2341 887 2360 :
913 2330 1036 2362 πέπλος
1052 2335 1075 2361 b
1091 2331 1132 2361 al.
1270 2333 1333 2370 285
1358 2331 1456 2372 φαίην
1472 2343 1530 2372 περ

205 2381 235 2401 ν.
250 2371 269 2401 l.
291 2372 323 2401 in
341 2372 412 2402 sch.
432 2371 460 2401 T
627 2372 714 2413 φρέν’
731 2373 869 2414 ἀτέρπου
886 2374 973 2412 vulg.
993 2385 1000 2403 ε
1024 2373 1111 2415 φρέν’
1129 2374 1205 2416 ἄτερ
1221 2387 1280 2406 που
1296 2373 1353 2405 Ar.
1374 2373 1405 2404 A
1423 2373 1528 2415 (ἅτέρ)

208 2413 248 2444 L⁵
260 2413 323 2446 OG:
351 2415 488 2456 ἄτερπον
506 2414 570 2445 Μ12
585 2414 699 2452 U1,V⁵
711 2426 794 2447 corr.
816 2428 821 2447 :
846 2417 942 2457 φίλον
959 2416 1037 2457 ἦτορ
1055 2417 1136 2448 Zen.
