1624 2802
12 2694 19 2802 *vm*

543 183 580 217 6.
654 180 911 218 ΙΛΙΑΔΟΣ
959 182 990 218 Ζ

166 279 244 323 ὁΩς
269 280 397 334 ἔφαθ’,
424 282 447 332 ἡ
474 284 516 322 δὲ
540 286 723 333 μολοῦσα
749 283 838 323 ποτὶ
863 283 1000 336 μέγαρ’
1026 284 1292 336 ἀμφιπόλοισι

108 347 279 388 κέκλετο·
315 348 376 388 ταὶ
402 348 434 388 δ’
461 348 519 401 ἄρ’
546 349 774 389 ἀόλλισσαν
801 351 897 389 κατὰ
924 349 1022 390 ἄστυ
1048 351 1219 403 γεραιάς.

107 414 199 464 αὐτὴ
225 414 257 453 δ’
283 415 322 455 ἐς
347 414 524 465 θάλαμον
551 414 797 466 κατεβήσετο
825 416 1009 466 κηώεντα,

107 480 184 520 ἔνθ’
209 480 306 520 ἔσαν
332 483 368 521 οἱ
393 480 538 522 πέπλοι
563 482 834 533 παμποίκιλοι,
863 482 958 535 ἔργα
983 487 1177 535 γυναικῶν

108 548 303 593 Σιδονίων,
331 548 398 588 τὰς
424 547 540 589 αὐτὸς
565 547 825 601 Ἀλέξανδρος
851 549 1024 599 θεοειδὴς
1362 564 1425 594 290

105 612 227 666 ἤγαγε
252 614 490 664 Σιδονίηθεν,
520 615 695 655 ἐπιπλὼς
722 615 835 667 εὐρέα
861 616 1020 661 πόντον,

105 679 173 729 τὴν
199 679 288 720 ὁδὸν
312 679 359 730 ἢν
384 679 553 730 Ἑλένην
578 698 650 732 περ
677 680 873 734 ἀνήγαγεν
900 681 1165 734 εὐπατέρειαν·

105 749 179 785 τῶν
204 745 256 786 ἕν’
282 746 489 797 ἀειραμένη
515 746 670 797 Ἑκάβη
699 747 795 799 φέρε
822 751 945 799 δῶρον
971 747 1130 804 Ἀθήνῃ,

105 810 145 853 ὃς
171 811 383 854 κάλλιστος
409 812 477 862 ἔην
503 815 760 864 ποικίλμασιν
785 814 852 864 ἠδὲ
877 813 1078 867 μέγιστος,

105 878 227 930 ἀστὴρ
253 878 284 918 δ’
311 879 361 920 ὣς
386 878 631 930 ἀπέλαμπεν·
671 880 796 920 ’έκειτο
823 882 863 920 δὲ
891 882 1043 922 νείατος
1069 880 1217 920 ἄλλων.
1360 894 1420 923 295

103 946 158 995 βῆ
182 944 213 984 δ’
240 944 349 990 ἰέναι,
378 946 526 985 πολλαὶ
552 948 592 985 δὲ
617 947 905 997 μετεσσεύοντο
931 948 1096 999 γεραιαί.

169 1013 217 1050 Αἱ
243 1010 274 1050 δ’
301 1012 365 1051 ὅτε
391 1011 484 1061 νηὸν
510 1014 646 1053 ἵκανον
671 1012 839 1063 Ἀθήνης
870 1014 910 1053 ἐν
936 1014 1051 1053 πόλει
1076 1012 1186 1068 ἄκρῃ,

104 1081 192 1133 τῇσι
217 1077 333 1129 θύρας
359 1077 448 1128 ὤϊξε
475 1079 616 1118 Θεανὼ
644 1078 922 1135 καλλιπάρῃος,

106 1142 285 1193 Κισσηΐς,
313 1142 461 1196 ἄλοχος
485 1143 720 1197 Ἀντήνορος
747 1144 996 1195 ἱπποδάμοιο·

103 1208 172 1258 τὴν
196 1210 269 1261 γὰρ
291 1212 424 1261 Τρῶες
450 1210 593 1260 ’έθηκαν
618 1210 826 1261 Ἀθηναίης
853 1209 1008 1262 ἱέρειαν.
1359 1223 1421 1252 300

105 1276 142 1314 αἱ
167 1274 199 1314 δ’
224 1276 397 1332 ὀλολυγῇ
422 1279 549 1316 πᾶσαι
574 1275 720 1333 Ἀθήνῃ
746 1280 880 1330 χεῖρας
906 1276 1094 1330 ἀνέσχον·

102 1340 124 1390 ἡ
150 1342 181 1380 δ’
205 1340 279 1392 ἄρα
304 1340 457 1382 πέπλον
484 1344 632 1382 ἑλοῦσα
657 1344 801 1383 Θεανὼ
829 1342 1099 1398 καλλιπάρῃος

104 1408 218 1456 θῆκεν
242 1406 451 1458 Ἀθηναίης
478 1409 540 1449 ἐπὶ
566 1409 755 1461 γούνασιν
779 1409 975 1459 ἠϋκόμοιο,

104 1471 291 1525 εὐχομένη
318 1474 350 1513 δ’
374 1474 494 1526 ἠρᾶτο
523 1475 618 1516 Διὸς
643 1476 758 1531 κούρῃ
783 1475 988 1527 μεγάλοιο·

106 1540 129 1555 “
147 1539 270 1579 πότνι’
295 1539 495 1591 Ἀθηναίη,
523 1542 746 1592 ῥυσίπτολι,
774 1544 836 1581 δῖα
862 1540 1000 1586 θεάων,
1359 1554 1420 1583 305

104 1603 196 1654 ἆξον
221 1605 265 1655 δὴ
292 1605 411 1659 ἔγχος
438 1605 668 1657 Διομήδεος,
695 1607 763 1656 ἠδὲ
790 1607 851 1646 καὶ
876 1606 994 1646 αὐτὸν

105 1670 249 1721 πρηνέα
274 1671 339 1713 δὸς
366 1672 525 1713 πεσέειν
554 1676 704 1713 Σκαιῶν
730 1673 970 1724 προπάροιθε
996 1671 1170 1718 πυλάων,

104 1738 207 1788 ὄφρα
231 1754 291 1777 τοι
316 1738 452 1778 αὐτίκα
479 1742 546 1779 νῦν
572 1740 798 1779 δυοκαίδεκα
822 1742 920 1789 βοῦς
945 1738 1002 1778 ε’νὶ
1027 1742 1105 1792 νηῷ

104 1802 186 1852 ἤνις
210 1803 378 1853 ἠκέστας
404 1805 644 1856 ἱερεύσομεν,
672 1807 714 1845 αἵ
739 1804 769 1844 κ’
796 1802 965 1861 ἐλεήσῃς

105 1867 202 1909 ἄστυ
227 1886 268 1910 τε
294 1871 355 1910 καὶ
379 1871 526 1923 Τρώων
552 1872 723 1925 ἀλόχους
750 1871 811 1911 καὶ
836 1869 957 1922 νήπια
981 1869 1135 1910 τέκνα.”
1287 1870 1290 1874 ’
1362 1883 1422 1913 310

164 1933 242 1977 ΔΩς
267 1935 380 1989 ἔφατ’
406 1937 613 1990 εὐχομένη,
641 1936 798 1978 ἀνένευε
823 1939 864 1977 δὲ
891 1938 1059 1977 Παλλὰς
1084 1933 1243 1986 Ἀθήνη.

106 1999 155 2041 ὣς
179 2003 217 2041 αἱ
240 2001 312 2052 μέν
335 2002 369 2054 ῥ’
397 2004 560 2056 εὔχοντο
587 2004 683 2045 Διὸς
710 2004 826 2059 κούρῃ
851 2002 1056 2055 μεγάλοιο,

99 2064 253 2118 ’Ἐκτωρ
278 2070 319 2108 δὲ
345 2068 439 2120 πρὸς
465 2069 607 2120 δώματ’
633 2069 916 2121 Ἀλεξάνδροιο
941 2068 1111 2119 βεβήκει

108 2131 216 2178 καλά,
243 2132 291 2172 τά
313 2134 347 2185 ῥ’
373 2134 488 2176 αὐτὸς
514 2135 645 2185 ἔτευξε
671 2136 744 2175 σὺν
770 2134 960 2186 ἀνδράσιν
986 2135 1021 2174 οἲ
1046 2133 1127 2173 τότ’
1154 2133 1310 2185 ἄριστοι

107 2194 206 2245 ἦσαν
232 2199 288 2239 ἐνὶ
312 2201 434 2256 Τροίῃ
461 2202 676 2252 ἐριβώλακι
701 2200 881 2241 τέκτονες
907 2200 1056 2251 ἄνδρες,
1360 2211 1420 2241 315

148 2291 210 2320 288
233 2291 252 2328 ἡ
269 2290 296 2322 δ’
315 2292 358 2323 εἷς
374 2289 461 2322 οἶκον
479 2292 571 2323 ἰοῦσα
587 2291 764 2332 παρίστατο
783 2291 991 2331 φωριαμοῖσιν
1009 2289 1066 2318 Δι’.
1087 2288 1139 2318 ed.
1159 2288 1274 2327 altera,
1298 2288 1339 2336 p¹
1355 2288 1401 2318 U2'
1418 2301 1423 2319 ε

106 2336 177 2368 hab.
198 2338 230 2368 in
248 2348 350 2377 marg.
371 2337 457 2369 oV¹3
470 2338 528 2369 V2'*2
549 2340 599 2379 (=
612 2353 627 2370 ο
644 2340 717 2377 104)
856 2348 920 2376 290
944 2337 1016 2377 7325]
1035 2338 1069 2369 ἃς
1088 2337 1209 2367 Strabo
1226 2346 1263 2375 41
1278 2335 1350 2385 cp¹
1363 2336 1424 2366 V³²

109 2431 166 2460 311
184 2390 247 2453 33ῗῇ
271 2382 457 2453 ε’Ᾰιῃτίππ-ολι
475 2382 571 2413 codd.
591 2393 597 2412 :
621 2383 790 2422 ρυσίπτολι
809 2392 837 2411 V.
852 2381 871 2411 1.
892 2391 943 2419 ap.
962 2380 1078 2411 scholl.
1099 2380 1168 2409 AT
1187 2380 1343 2419 (ἄμεινον)

195 2486 280 2507 Hom.
302 2487 345 2508 11..
1278 2481 1295 2506 9
