1624 2802
0 0 60 80 ’ᾖ

575 135 633 170 12.
708 131 962 169 ΙΛΙΑΔΟΣ
1013 133 1053 169 M

149 232 257 272 αὐτοὶ
283 233 323 272 δὲ
350 232 515 283 πρυλέες
542 232 615 273 σὺν
639 234 802 286 τεύχεσι
827 234 1097 287 θωρηχθέντες

141 297 304 349 Ἵῧκτορι
329 298 471 340 πάντες
497 298 663 349 ἑπώμεθ’
689 299 867 341 ἀολλέες·
907 300 1026 351 αὐτὰρ
1052 300 1207 352 Ἀχαιοὶ

149 364 193 405 οὐ
216 364 410 415 μενέουσ’,
437 366 470 405 εἰ
496 363 541 415 δή
568 370 668 417 σφιν
694 365 860 417 ὀλέθρου
885 366 1035 417 πείρατ’
1063 367 1273 418 ἐφῆπται.”

211 429 290 472 Ἳὶς
316 430 419 483 φάτο
446 430 722 482 Πουλυδάμας,
751 432 818 472 ἅδε
844 431 875 471 δ’
894 431 1058 484 ’Έκτορι
1082 436 1201 483 μῦθος
1227 432 1403 484 ἀπήμων,
1432 438 1472 468 80

151 496 287 538 αὐτίκα
312 496 344 536 δ’
369 497 416 548 ἐξ
437 497 564 550 ὀχέων
590 497 664 538 σὺν
690 498 874 551 τεύχεσιν
899 499 997 538 ἆλτο
1022 500 1184 551 χαμᾶζε.

151 563 238 604 οὐδὲ
261 565 332 614 μὲν
357 563 475 604 ἄλλοι
497 567 630 616 Τρῶες
657 564 721 617 ἐφ’
747 565 877 606 ἵππων
901 564 1148 617 ἠγερέθοντο,

151 629 241 670 ἀλλ’
266 628 343 670 ἀπὸ
368 629 511 672 πάντες
537 632 724 683 ὄρουσαν,
751 632 836 672 ἐπεὶ
862 633 945 672 ἴδον
964 630 1137 684 ’Έκτορα
1162 635 1256 673 δῖον.

151 696 297 751 ἡνιόχῳ
323 698 394 747 μὲν
421 697 555 737 ἔπειτα
582 700 630 752 ἑῷ
659 697 873 738 ἐπέτελλεν
900 698 1065 740 ἕκαστος

151 763 292 805 ἵππους
317 763 359 803 εὖ
385 765 483 803 κατὰ
509 765 659 814 κόσμον
685 764 869 816 ἐρυκέμεν
893 764 976 804 αὖθ’
1004 765 1066 805 ἐπὶ
1091 763 1240 818 τάφρῳ·
1435 768 1474 806 85

152 831 188 870 οἱ
212 830 253 869 δὲ
279 829 524 876 διαστάντες,
553 830 683 882 σφέας
709 830 846 872 αὐτοὺς
870 831 1117 883 ἀρτύναντες,

153 894 330 949 πένταχα
357 896 620 947 κοσμηθέντες
647 896 711 948 ἅμ’
736 897 1003 949 ἡγεμόνεσσιν
1029 898 1181 937 ἕποντο.

219 964 272 1003 Οἱ
295 965 367 1013 μὲν
392 962 457 1014 ἅμ’
475 962 635 1015 “Έκτορ’
662 965 756 1004 ἴσαν
783 965 844 1004 καὶ
869 964 1034 1014 ἀμύμονι
1060 961 1374 1013 Πουλυδάμαντι,

153 1029 189 1070 οἳ
214 1033 398 1070 πλεῖστοι
426 1030 487 1070 καὶ
511 1029 667 1081 ἄριστοι
693 1030 804 1075 ἕσαν,
831 1029 1013 1080 μέμασαν
1038 1031 1079 1069 δὲ
1103 1028 1279 1079 μάλιστα

154 1099 285 1149 τεῖχος
309 1095 520 1148 ῥηξάμενοι
546 1097 679 1152 κοίλῃς
707 1097 770 1136 ἐπὶ
796 1097 911 1146 νηυσὶ
937 1095 1150 1149 μάχεσθαι.
1436 1109 1478 1138 90

157 1163 221 1203 καί
244 1168 344 1215 σφιν
372 1163 593 1214 Κεβριόνης
618 1164 747 1215 τρίτος
774 1163 916 1204 εἵπετο·
955 1163 1032 1213 πὰρ
1057 1161 1088 1202 δ’
1115 1161 1172 1213 ἄρ’
1197 1162 1372 1214 ὄχεσφιν

155 1228 280 1270 ἄλλον
307 1230 531 1281 Κεβριόναο
557 1230 738 1283 χερείονα
764 1228 957 1269 κάλλιπεν
975 1227 1146 1280 ’Έκτωμ

155 1299 232 1335 τῶν
257 1295 290 1336 δ’
317 1296 459 1347 ἑτέρων
486 1295 612 1348 Πάρις
638 1295 735 1348 ἦρχε
762 1297 824 1336 καὶ
849 1294 1065 1336 Ἀλκάθοος
1093 1294 1152 1334 καὶ
1179 1292 1372 1345 Ἀγήνωρ,

156 1365 232 1402 τῶν
258 1364 300 1403 δὲ
324 1363 463 1414 τρίτων
481 1361 652 1404 “Ἐλενος
679 1362 741 1402 καὶ
768 1362 980 1414 Δηΐφοβος
1005 1360 1190 1411 θεοειδής,

156 1429 214 1469 υἷε
239 1428 315 1468 δύω
342 1428 549 1481 Πριάμοιο·
588 1430 717 1481 τρίτος
740 1428 772 1468 δ’
798 1427 846 1478 ἦν
864 1427 1008 1469 ’Άσιος
1033 1427 1145 1479 ἥρως,
1437 1438 1480 1469 95

154 1493 293 1537 ΙἈσιος
317 1493 561 1547 Ὑρτακίδης,
587 1493 633 1534 ὃν
658 1494 903 1546 Ἀρίσβηθεν
929 1493 1050 1545 φέρον
1075 1494 1188 1533 ἵπποι

158 1562 320 1603 αἴθωνες
344 1561 523 1613 μεγάλοι,
552 1564 727 1611 ποταμοῦ
750 1560 827 1600 ἄπο
853 1559 1108 1609 Σελλήεντος.

158 1630 234 1668 τῶν
259 1629 300 1668 δὲ
325 1626 519 1679 τετάρτων
545 1625 667 1680 ἦρχεν
690 1625 753 1668 ἐῢς
777 1626 866 1667 πάϊς
890 1626 1098 1678 Ἀγχίσαο,

161 1694 327 1740 Αἰνείας,
356 1693 435 1744 ἅμα
461 1697 513 1748 τῷ
539 1710 585 1745 γε
611 1693 686 1733 δύω
712 1692 946 1744 Ἀντήνορος
970 1693 1039 1737 υἷε,

161 1759 406 1813 Ἀρχέλοχός
431 1759 463 1799 τ’
490 1759 663 1810 Ἀκάμας
687 1776 742 1804 τε,
769 1758 897 1812 μάχης
922 1758 963 1798 εὗ
989 1758 1110 1798 εἰδότε
1137 1756 1279 1807 πάσης.
1421 1768 1482 1790 100

162 1827 377 1878 Σαρπηδὼν
403 1826 435 1865 δ’
460 1824 628 1878 ἡγήσατ’
654 1826 899 1877 ἀγακλειτῶν
924 1825 1149 1875 ἐπικούρων,

161 1891 257 1943 πρὸς
282 1891 315 1932 δ’
342 1892 454 1933 ἕλετο
481 1895 657 1932 Γλαῦκον
683 1892 745 1931 καὶ
771 1891 905 1943 ἀρήϊον
931 1890 1231 1942 Ἀστεροπαῖον·

164 1959 199 1998 οἱ
223 1957 297 2011 γάρ
323 1960 359 1998 οἱ
384 1960 544 1999 εἴσαντο
570 1957 767 2010 διακριδὸν
793 1957 891 1998 εἶναι
916 1956 1071 2009 ἄριστοι

162 2028 238 2065 τῶν
264 2024 400 2064 ἄλλων
423 2024 522 2075 μετά
547 2024 583 2076 γ’
609 2025 740 2064 αὐτόν·
779 2024 799 2063 ὁ
824 2023 855 2063 δ’
882 2024 1025 2075 ἔπρεπε
1052 2022 1112 2062 καὶ
1138 2023 1201 2061 διὰ
1226 2019 1394 2061 πάντων.

163 2091 199 2130 οἱ
224 2089 256 2130 δ’
283 2090 368 2131 ἐπεὶ
392 2089 591 2140 ἀλλήλους
617 2090 762 2142 ἄραρον
787 2095 948 2145 τυκτῇσι
971 2089 1134 2139 βόεσσι,
1424 2098 1483 2127 '105

165 2155 245 2206 βάν
267 2155 308 2209 ῥ’
336 2156 417 2198 ἰθὺς
444 2160 613 2197 Δαναῶν
637 2155 877 2206 λελιημένοι,
905 2155 983 2196 οὐδ’
1011 2155 1062 2195 ἔτ’
1088 2154 1237 2205 ἔφαντο

210 2258 251 2287 79
274 2247 414 2289 πείρατ’]
436 2250 546 2289 πεῖραρ
563 2248 644 2278 Zen.
665 2247 839 2286 Aristoph.
1015 2247 1056 2284 83
1085 2245 1265 2281 ἀποβάντες
1289 2246 1400 2274 cdhi

167 2291 209 2321 86
239 2291 414 2332 ἀρτύναντο
439 2302 469 2321 ν.
484 2291 505 2322 l.
529 2290 697 2322 ant.11U⁵
853 2291 893 2328 87
924 2288 1053 2329 ἕποντο]
1082 2287 1211 2320 ἕκαστοι
1236 2287 1300 2318 v.1.
1323 2291 1390 2316 ant.
1410 2289 1486 2316 ch:

168 2333 304 2366 ἕκαστος
323 2333 369 2364 U⁶
387 2345 415 2366 v.
430 2334 450 2365 l.
471 2334 502 2364 in
521 2334 551 2364 A
684 2344 726 2372 90
749 2332 862 2373 τεῖχός
879 2345 915 2364 τε
933 2332 1039 2373 ῥήξειν
1055 2332 1106 2363 καὶ
1125 2330 1306 2372 ἐνιπρήσειν
1322 2329 1394 2370 πυρὶ
1412 2329 1486 2366 νῆας

168 2380 305 2414 bfglq
321 2377 363 2407 al.
502 2386 559 2408 101
586 2377 699 2418 ἡγεῖτο
715 2380 740 2407 h
