<?xml version="1.0" encoding="UTF-8"?>
<!DOCTYPE html PUBLIC "-//W3C//DTD XHTML 1.0 Transitional//EN"
    "http://www.w3.org/TR/xhtml1/DTD/xhtml1-transitional.dtd">
<html xmlns="http://www.w3.org/1999/xhtml" xml:lang="en" lang="en">
 <head>
  <title>
</title>
<meta http-equiv="Content-Type" content="text/html;charset=utf-8" />
  <meta name='ocr-system' content='tesseract 3.04.00' />
  <meta name='ocr-capabilities' content='ocr_page ocr_carea ocr_par ocr_line ocrx_word'/>
</head>
<body>
  <div class='ocr_page' id='page_1' title='image "./operarecognoveru01homeuoft_0215.png"; bbox 0 0 1624 2802; ppageno 0'>
   <div class='ocr_carea' id='block_1_1' title="bbox 1 192 9 987">
    <p class='ocr_par' dir='ltr' id='par_1_1' title="bbox 1 192 9 987">
     <span class='ocr_line' id='line_1_1' title="bbox 1 192 9 987; baseline 0 0"><span class='ocrx_word' id='word_1_1' title='bbox 1 192 9 987; x_wconf 95' lang='lat' dir='ltr'> </span> 
     </span>
    </p>
   </div>
   <div class='ocr_carea' id='block_1_2' title="bbox 578 104 1031 141">
    <p class='ocr_par' dir='ltr' id='par_1_2' title="bbox 578 104 1031 141">
     <span class='ocr_line' id='line_1_2' title="bbox 578 104 1031 141; baseline -0.002 0"><span class='ocrx_word' id='word_1_2' title='bbox 578 107 613 141; x_wconf 88' lang='lat'>8.</span> <span class='ocrx_word' id='word_1_3' title='bbox 690 104 944 141; x_wconf 63' lang='lat' dir='ltr'>{AIAAOE</span> <span class='ocrx_word' id='word_1_4' title='bbox 994 105 1031 141; x_wconf 82' lang='grc' dir='ltr'>Θ</span> 
     </span>
    </p>
   </div>
   <div class='ocr_carea' id='block_1_3' title="bbox 136 204 1463 392">
    <p class='ocr_par' dir='ltr' id='par_1_3' title="bbox 136 204 1463 392">
     <span class='ocr_line' id='line_1_3' title="bbox 136 204 1461 259; baseline 0.005 -15"><span class='ocrx_word' id='word_1_5' title='bbox 136 205 246 246; x_wconf 80' lang='grc' dir='ltr'>σῖτόν</span> <span class='ocrx_word' id='word_1_6' title='bbox 271 204 304 245; x_wconf 82' lang='grc' dir='ltr'>τ’</span> <span class='ocrx_word' id='word_1_7' title='bbox 333 206 374 245; x_wconf 87' lang='grc' dir='ltr'>ἐκ</span> <span class='ocrx_word' id='word_1_8' title='bbox 398 205 593 258; x_wconf 84' lang='grc' dir='ltr'>μεγάρων,</span> <span class='ocrx_word' id='word_1_9' title='bbox 623 207 687 246; x_wconf 80' lang='grc' dir='ltr'>ἐπὶ</span> <span class='ocrx_word' id='word_1_10' title='bbox 713 208 752 246; x_wconf 79' lang='grc' dir='ltr'>δὲ</span> <span class='ocrx_word' id='word_1_11' title='bbox 780 206 879 256; x_wconf 79' lang='grc' dir='ltr'>ξύλα</span> <span class='ocrx_word' id='word_1_12' title='bbox 900 209 1033 246; x_wconf 80' lang='grc' dir='ltr'>πολλὰ</span> <span class='ocrx_word' id='word_1_13' title='bbox 1057 207 1236 259; x_wconf 86' lang='grc' dir='ltr'>λέγοντο.</span> <span class='ocrx_word' id='word_1_14' title='bbox 1399 222 1461 253; x_wconf 81' lang='lat'>547</span> 
     </span>
     <span class='ocr_line' id='line_1_4' title="bbox 136 270 1463 324; baseline 0.002 -13"><span class='ocrx_word' id='word_1_15' title='bbox 136 273 275 321; x_wconf 89' lang='grc' dir='ltr'>κνίσην</span> <span class='ocrx_word' id='word_1_16' title='bbox 300 270 332 311; x_wconf 85' lang='grc' dir='ltr'>δ’</span> <span class='ocrx_word' id='word_1_17' title='bbox 357 273 399 311; x_wconf 85' lang='grc' dir='ltr'>ἐκ</span> <span class='ocrx_word' id='word_1_18' title='bbox 424 272 558 312; x_wconf 84' lang='grc' dir='ltr'>πεδίου</span> <span class='ocrx_word' id='word_1_19' title='bbox 583 271 719 322; x_wconf 80' lang='grc' dir='ltr'>ἄνεμοι</span> <span class='ocrx_word' id='word_1_20' title='bbox 748 272 869 324; x_wconf 92' lang='grc' dir='ltr'>φέρον</span> <span class='ocrx_word' id='word_1_21' title='bbox 897 273 1060 324; x_wconf 85' lang='grc' dir='ltr'>οὐρανὸν</span> <span class='ocrx_word' id='word_1_22' title='bbox 1086 275 1195 313; x_wconf 86' lang='grc' dir='ltr'>εἵσω.</span> <span class='ocrx_word' id='word_1_23' title='bbox 1402 289 1463 320; x_wconf 76' lang='lat'>549</span> 
     </span>
     <span class='ocr_line' id='line_1_5' title="bbox 200 338 1460 392; baseline 0.004 -15"><span class='ocrx_word' id='word_1_24' title='bbox 200 339 252 378; x_wconf 70' lang='lat' dir='ltr'>Oi</span> <span class='ocrx_word' id='word_1_25' title='bbox 277 339 319 378; x_wconf 79' lang='grc' dir='ltr'>δὲ</span> <span class='ocrx_word' id='word_1_26' title='bbox 342 338 444 390; x_wconf 88' lang='grc' dir='ltr'>μέγα</span> <span class='ocrx_word' id='word_1_27' title='bbox 470 338 705 390; x_wconf 82' lang='grc' dir='ltr'>φρονέοντες</span> <span class='ocrx_word' id='word_1_28' title='bbox 736 339 798 378; x_wconf 83' lang='grc' dir='ltr'>ἐπὶ</span> <span class='ocrx_word' id='word_1_29' title='bbox 825 339 1039 390; x_wconf 85' lang='grc' dir='ltr'>πτολέμοιο</span> <span class='ocrx_word' id='word_1_30' title='bbox 1063 340 1239 392; x_wconf 82' lang='grc' dir='ltr'>γεφύρας</span> <span class='ocrx_word' id='word_1_31' title='bbox 1400 355 1460 385; x_wconf 75' lang='grc'>553</span> 
     </span>
    </p>
   </div>
   <div class='ocr_carea' id='block_1_4' title="bbox 134 404 1151 457">
    <p class='ocr_par' dir='ltr' id='par_1_4' title="bbox 134 404 1151 457">
     <span class='ocr_line' id='line_1_6' title="bbox 134 404 1151 457; baseline 0.002 -13"><span class='ocrx_word' id='word_1_32' title='bbox 134 404 229 454; x_wconf 83' lang='grc' dir='ltr'>ἥατο</span> <span class='ocrx_word' id='word_1_33' title='bbox 254 404 473 457; x_wconf 88' lang='grc' dir='ltr'>παννύχιοι,</span> <span class='ocrx_word' id='word_1_34' title='bbox 503 406 603 456; x_wconf 79' lang='grc' dir='ltr'>πυρὰ</span> <span class='ocrx_word' id='word_1_35' title='bbox 630 404 673 445; x_wconf 84' lang='grc' dir='ltr'>δέ</span> <span class='ocrx_word' id='word_1_36' title='bbox 698 410 819 457; x_wconf 89' lang='grc' dir='ltr'>σφισι</span> <span class='ocrx_word' id='word_1_37' title='bbox 849 406 978 446; x_wconf 84' lang='grc' dir='ltr'>καίετο</span> <span class='ocrx_word' id='word_1_38' title='bbox 1004 406 1151 446; x_wconf 86' lang='grc' dir='ltr'>πολλά.</span> 
     </span>
    </p>
   </div>
   <div class='ocr_carea' id='block_1_5' title="bbox 233 469 454 486">
    <p class='ocr_par' dir='ltr' id='par_1_5' title="bbox 233 469 454 486">
     <span class='ocr_line' id='line_1_7' title="bbox 233 469 454 486; baseline 0 -2"><span class='ocrx_word' id='word_1_39' title='bbox 233 469 364 486; x_wconf 67' lang='lat'>’1⁵15&#39;</span> <span class='ocrx_word' id='word_1_40' title='bbox 445 470 454 484; x_wconf 69' lang='lat'>²</span> 
     </span>
    </p>
   </div>
   <div class='ocr_carea' id='block_1_6' title="bbox 130 470 1463 1189">
    <p class='ocr_par' dir='ltr' id='par_1_6' title="bbox 135 470 1243 525">
     <span class='ocr_line' id='line_1_8' title="bbox 135 470 1243 525; baseline 0.002 -15"><span class='ocrx_word' id='word_1_41' title='bbox 135 470 184 512; x_wconf 82' lang='grc' dir='ltr'>ὡς</span> <span class='ocrx_word' id='word_1_42' title='bbox 266 487 311 510; x_wconf 93' lang='grc' dir='ltr'>οτ</span> <span class='ocrx_word' id='word_1_43' title='bbox 348 487 390 511; x_wconf 92' lang='grc' dir='ltr'>εν</span> <span class='ocrx_word' id='word_1_44' title='bbox 415 475 562 525; x_wconf 80' lang='grc' dir='ltr'>ουρανῷ</span> <span class='ocrx_word' id='word_1_45' title='bbox 590 471 718 523; x_wconf 82' lang='grc' dir='ltr'>ἄστρα</span> <span class='ocrx_word' id='word_1_46' title='bbox 747 471 914 523; x_wconf 81' lang='grc' dir='ltr'>φαεινὴν</span> <span class='ocrx_word' id='word_1_47' title='bbox 941 472 1044 523; x_wconf 83' lang='grc' dir='ltr'>ἀμφὶ</span> <span class='ocrx_word' id='word_1_48' title='bbox 1069 472 1243 523; x_wconf 84' lang='grc' dir='ltr'>σελήνην</span> 
     </span>
    </p>

    <p class='ocr_par' dir='ltr' id='par_1_7' title="bbox 134 536 1206 590">
     <span class='ocr_line' id='line_1_9' title="bbox 134 536 1206 590; baseline 0.002 -14"><span class='ocrx_word' id='word_1_49' title='bbox 134 536 287 589; x_wconf 87' lang='grc' dir='ltr'>φαίνετ’</span> <span class='ocrx_word' id='word_1_50' title='bbox 313 537 540 589; x_wconf 84' lang='grc' dir='ltr'>ἀριπρεπέα,</span> <span class='ocrx_word' id='word_1_51' title='bbox 568 538 632 578; x_wconf 86' lang='grc' dir='ltr'>ὅτε</span> <span class='ocrx_word' id='word_1_52' title='bbox 660 538 693 578; x_wconf 85' lang='grc' dir='ltr'>τ’</span> <span class='ocrx_word' id='word_1_53' title='bbox 719 538 863 578; x_wconf 81' lang='grc' dir='ltr'>ἔπλετο</span> <span class='ocrx_word' id='word_1_54' title='bbox 890 537 1056 589; x_wconf 83' lang='grc' dir='ltr'>νήνεμος</span> <span class='ocrx_word' id='word_1_55' title='bbox 1081 538 1206 590; x_wconf 84' lang='grc' dir='ltr'>αἰθήρ·</span> 
     </span>
    </p>

    <p class='ocr_par' dir='ltr' id='par_1_8' title="bbox 134 603 1164 656">
     <span class='ocr_line' id='line_1_10' title="bbox 134 603 1164 656; baseline 0.001 -13"><span class='ocrx_word' id='word_1_56' title='bbox 134 603 174 643; x_wconf 82' lang='grc' dir='ltr'>ἔκ</span> <span class='ocrx_word' id='word_1_57' title='bbox 199 603 232 642; x_wconf 91' lang='grc' dir='ltr'>τ’</span> <span class='ocrx_word' id='word_1_58' title='bbox 258 603 403 655; x_wconf 83' lang='grc' dir='ltr'>ἔφανεν</span> <span class='ocrx_word' id='word_1_59' title='bbox 428 607 555 644; x_wconf 82' lang='grc' dir='ltr'>πᾶσαι</span> <span class='ocrx_word' id='word_1_60' title='bbox 581 605 741 645; x_wconf 86' lang='grc' dir='ltr'>σκοπιαὶ</span> <span class='ocrx_word' id='word_1_61' title='bbox 768 605 829 644; x_wconf 86' lang='grc' dir='ltr'>καὶ</span> <span class='ocrx_word' id='word_1_62' title='bbox 856 605 1030 656; x_wconf 84' lang='grc' dir='ltr'>πρώονες</span> <span class='ocrx_word' id='word_1_63' title='bbox 1055 604 1164 656; x_wconf 77' lang='grc' dir='ltr'>ἄκροι</span> 
     </span>
    </p>

    <p class='ocr_par' dir='ltr' id='par_1_9' title="bbox 133 669 1320 790">
     <span class='ocr_line' id='line_1_11' title="bbox 133 669 1320 723; baseline 0.002 -14"><span class='ocrx_word' id='word_1_64' title='bbox 133 670 195 710; x_wconf 86' lang='grc' dir='ltr'>καὶ</span> <span class='ocrx_word' id='word_1_65' title='bbox 219 669 351 710; x_wconf 81' lang='grc' dir='ltr'>νάπαι·</span> <span class='ocrx_word' id='word_1_66' title='bbox 390 670 600 722; x_wconf 85' lang='grc' dir='ltr'>οὐρανόθεν</span> <span class='ocrx_word' id='word_1_67' title='bbox 628 671 662 710; x_wconf 82' lang='grc' dir='ltr'>δ’</span> <span class='ocrx_word' id='word_1_68' title='bbox 689 671 748 723; x_wconf 82' lang='grc' dir='ltr'>ἄρ’</span> <span class='ocrx_word' id='word_1_69' title='bbox 772 670 971 723; x_wconf 81' lang='grc' dir='ltr'>ὑπερράγη</span> <span class='ocrx_word' id='word_1_70' title='bbox 998 670 1171 713; x_wconf 81' lang='grc' dir='ltr'>ἄσπετος</span> <span class='ocrx_word' id='word_1_71' title='bbox 1196 671 1320 723; x_wconf 81' lang='grc' dir='ltr'>αἰθήρ,</span> 
     </span>
     <span class='ocr_line' id='line_1_12' title="bbox 133 735 1304 790; baseline 0.002 -14"><span class='ocrx_word' id='word_1_72' title='bbox 133 735 261 776; x_wconf 84' lang='grc' dir='ltr'>πάντα</span> <span class='ocrx_word' id='word_1_73' title='bbox 286 738 327 776; x_wconf 79' lang='grc' dir='ltr'>δὲ</span> <span class='ocrx_word' id='word_1_74' title='bbox 353 738 494 777; x_wconf 83' lang='grc' dir='ltr'>εἴδεται</span> <span class='ocrx_word' id='word_1_75' title='bbox 520 736 659 789; x_wconf 86' lang='grc' dir='ltr'>ἄστρα,</span> <span class='ocrx_word' id='word_1_76' title='bbox 687 736 831 790; x_wconf 87' lang='grc' dir='ltr'>γέγηθε</span> <span class='ocrx_word' id='word_1_77' title='bbox 859 737 901 777; x_wconf 83' lang='grc' dir='ltr'>δέ</span> <span class='ocrx_word' id='word_1_78' title='bbox 921 754 967 778; x_wconf 90' lang='grc' dir='ltr'>τε</span> <span class='ocrx_word' id='word_1_79' title='bbox 995 736 1122 790; x_wconf 89' lang='grc' dir='ltr'>φρένα</span> <span class='ocrx_word' id='word_1_80' title='bbox 1147 737 1304 789; x_wconf 85' lang='grc' dir='ltr'>ποιμήν·</span> 
     </span>
    </p>

    <p class='ocr_par' dir='ltr' id='par_1_10' title="bbox 130 803 1463 922">
     <span class='ocr_line' id='line_1_13' title="bbox 132 803 1463 855; baseline 0.005 -14"><span class='ocrx_word' id='word_1_81' title='bbox 132 803 262 842; x_wconf 91' lang='grc' dir='ltr'>τόσσα</span> <span class='ocrx_word' id='word_1_82' title='bbox 285 803 440 855; x_wconf 79' lang='grc' dir='ltr'>μεσηγὺ</span> <span class='ocrx_word' id='word_1_83' title='bbox 465 807 563 844; x_wconf 89' lang='grc' dir='ltr'>νεῶν</span> <span class='ocrx_word' id='word_1_84' title='bbox 590 804 657 854; x_wconf 82' lang='grc' dir='ltr'>ἠδὲ</span> <span class='ocrx_word' id='word_1_85' title='bbox 684 803 856 846; x_wconf 83' lang='grc' dir='ltr'>Ξάνθοιο</span> <span class='ocrx_word' id='word_1_86' title='bbox 882 803 1011 855; x_wconf 84' lang='grc' dir='ltr'>ῥοάων</span> <span class='ocrx_word' id='word_1_87' title='bbox 1399 808 1463 847; x_wconf 86' lang='grc'>560</span> 
     </span>
     <span class='ocr_line' id='line_1_14' title="bbox 130 869 1086 922; baseline 0.002 -14"><span class='ocrx_word' id='word_1_88' title='bbox 130 869 276 920; x_wconf 81' lang='grc' dir='ltr'>Τρώων</span> <span class='ocrx_word' id='word_1_89' title='bbox 303 870 490 910; x_wconf 89' lang='grc' dir='ltr'>καιόντων</span> <span class='ocrx_word' id='word_1_90' title='bbox 515 872 615 922; x_wconf 80' lang='grc' dir='ltr'>πυρὰ</span> <span class='ocrx_word' id='word_1_91' title='bbox 644 871 807 922; x_wconf 90' lang='grc' dir='ltr'>φαίνετο</span> <span class='ocrx_word' id='word_1_92' title='bbox 834 870 973 911; x_wconf 90' lang='grc' dir='ltr'>Ἰλιόθι</span> <span class='ocrx_word' id='word_1_93' title='bbox 1000 872 1086 922; x_wconf 91' lang='grc' dir='ltr'>πρό.</span> 
     </span>
    </p>

    <p class='ocr_par' dir='ltr' id='par_1_11' title="bbox 131 935 1179 991">
     <span class='ocr_line' id='line_1_15' title="bbox 131 935 1179 991; baseline 0.002 -16"><span class='ocrx_word' id='word_1_94' title='bbox 131 935 228 988; x_wconf 83' lang='grc' dir='ltr'>χίλι’</span> <span class='ocrx_word' id='word_1_95' title='bbox 254 935 312 987; x_wconf 80' lang='grc' dir='ltr'>ἄρ’</span> <span class='ocrx_word' id='word_1_96' title='bbox 339 937 382 976; x_wconf 85' lang='grc' dir='ltr'>ἐν</span> <span class='ocrx_word' id='word_1_97' title='bbox 407 937 526 991; x_wconf 79' lang='grc' dir='ltr'>πεδίῳ</span> <span class='ocrx_word' id='word_1_98' title='bbox 554 939 655 988; x_wconf 76' lang='grc' dir='ltr'>πυρὰ</span> <span class='ocrx_word' id='word_1_99' title='bbox 682 937 822 983; x_wconf 87' lang='grc' dir='ltr'>καίετο,</span> <span class='ocrx_word' id='word_1_100' title='bbox 852 939 930 989; x_wconf 82' lang='grc' dir='ltr'>πὰρ</span> <span class='ocrx_word' id='word_1_101' title='bbox 956 939 997 978; x_wconf 82' lang='grc' dir='ltr'>δὲ</span> <span class='ocrx_word' id='word_1_102' title='bbox 1025 936 1179 991; x_wconf 82' lang='grc' dir='ltr'>ἑκάστῳ</span> 
     </span>
    </p>

    <p class='ocr_par' dir='ltr' id='par_1_12' title="bbox 131 1001 1032 1057">
     <span class='ocr_line' id='line_1_16' title="bbox 131 1001 1032 1057; baseline 0.002 -16"><span class='ocrx_word' id='word_1_103' title='bbox 131 1002 227 1052; x_wconf 87' lang='grc' dir='ltr'>ἥατο</span> <span class='ocrx_word' id='word_1_104' title='bbox 253 1001 496 1054; x_wconf 80' lang='grc' dir='ltr'>πεντήκοντα</span> <span class='ocrx_word' id='word_1_105' title='bbox 522 1003 623 1057; x_wconf 77' lang='grc' dir='ltr'>σέλᾳ</span> <span class='ocrx_word' id='word_1_106' title='bbox 649 1003 768 1054; x_wconf 86' lang='grc' dir='ltr'>πυρὸς</span> <span class='ocrx_word' id='word_1_107' title='bbox 795 1003 1032 1054; x_wconf 86' lang='grc' dir='ltr'>αἰθομένοιο.</span> 
     </span>
    </p>

    <p class='ocr_par' dir='ltr' id='par_1_13' title="bbox 131 1069 1097 1122">
     <span class='ocr_line' id='line_1_17' title="bbox 131 1069 1097 1122; baseline 0.002 -14"><span class='ocrx_word' id='word_1_108' title='bbox 131 1069 242 1109; x_wconf 86' lang='grc' dir='ltr'>ἵπποι</span> <span class='ocrx_word' id='word_1_109' title='bbox 267 1071 309 1109; x_wconf 81' lang='grc' dir='ltr'>δὲ</span> <span class='ocrx_word' id='word_1_110' title='bbox 336 1073 398 1121; x_wconf 84' lang='grc' dir='ltr'>κρῖ</span> <span class='ocrx_word' id='word_1_111' title='bbox 420 1070 560 1110; x_wconf 86' lang='grc' dir='ltr'>λευκὸν</span> <span class='ocrx_word' id='word_1_112' title='bbox 587 1071 839 1122; x_wconf 80' lang='grc' dir='ltr'>ἐρεπτόμενοι</span> <span class='ocrx_word' id='word_1_113' title='bbox 865 1070 928 1110; x_wconf 87' lang='grc' dir='ltr'>καὶ</span> <span class='ocrx_word' id='word_1_114' title='bbox 953 1070 1097 1121; x_wconf 86' lang='grc' dir='ltr'>ὀλύρας</span> 
     </span>
    </p>

    <p class='ocr_par' dir='ltr' id='par_1_14' title="bbox 131 1135 1459 1189">
     <span class='ocr_line' id='line_1_18' title="bbox 131 1135 1459 1189; baseline 0.003 -15"><span class='ocrx_word' id='word_1_115' title='bbox 131 1135 316 1177; x_wconf 81' lang='grc' dir='ltr'>ἑσταότες</span> <span class='ocrx_word' id='word_1_116' title='bbox 342 1135 430 1187; x_wconf 86' lang='grc' dir='ltr'>παρ’</span> <span class='ocrx_word' id='word_1_117' title='bbox 457 1138 632 1189; x_wconf 78' lang='grc' dir='ltr'>ὄχεσφιν</span> <span class='ocrx_word' id='word_1_118' title='bbox 658 1135 842 1188; x_wconf 76' lang='grc' dir='ltr'>ἐΰθρονον</span> <span class='ocrx_word' id='word_1_119' title='bbox 868 1136 952 1176; x_wconf 82' lang='grc' dir='ltr'>Ἠῶ</span> <span class='ocrx_word' id='word_1_120' title='bbox 977 1137 1131 1187; x_wconf 88' lang='grc' dir='ltr'>μίμνον.</span> <span class='ocrx_word' id='word_1_121' title='bbox 1398 1139 1459 1178; x_wconf 83' lang='grc'>565</span> 
     </span>
    </p>
   </div>
   <div class='ocr_carea' id='block_1_7' title="bbox 128 1230 1456 1788">
    <p class='ocr_par' dir='ltr' id='par_1_15' title="bbox 173 1230 372 1265">
     <span class='ocr_line' id='line_1_19' title="bbox 173 1230 372 1265; baseline 0.005 -1"><span class='ocrx_word' id='word_1_122' title='bbox 173 1230 246 1264; x_wconf 70' lang='grc' dir='ltr'>ΡΟΞῒ</span> <span class='ocrx_word' id='word_1_123' title='bbox 264 1234 372 1265; x_wconf 84' lang='grc'>547·-</span> 
     </span>
    </p>

    <p class='ocr_par' dir='ltr' id='par_1_16' title="bbox 130 1272 1110 1355">
     <span class='ocr_line' id='line_1_20' title="bbox 367 1272 1110 1314; baseline 0 -10"><span class='ocrx_word' id='word_1_124' title='bbox 367 1272 457 1314; x_wconf 79' lang='grc' dir='ltr'>ἔρδον</span> <span class='ocrx_word' id='word_1_125' title='bbox 474 1273 500 1304; x_wconf 84' lang='grc' dir='ltr'>δ’</span> <span class='ocrx_word' id='word_1_126' title='bbox 520 1272 706 1305; x_wconf 78' lang='grc' dir='ltr'>ἀθανάτοισι</span> <span class='ocrx_word' id='word_1_127' title='bbox 726 1272 909 1310; x_wconf 83' lang='grc' dir='ltr'>τεληέσσας</span> <span class='ocrx_word' id='word_1_128' title='bbox 929 1273 1110 1312; x_wconf 82' lang='grc' dir='ltr'>ἑκατόμβας</span> 
     </span>
     <span class='ocr_line' id='line_1_21' title="bbox 130 1320 443 1355; baseline -0.003 -9"><span class='ocrx_word' id='word_1_129' title='bbox 130 1320 227 1354; x_wconf 82' lang='lat' dir='ltr'>atque</span> <span class='ocrx_word' id='word_1_130' title='bbox 246 1320 320 1355; x_wconf 81' lang='lat' dir='ltr'>post</span> <span class='ocrx_word' id='word_1_131' title='bbox 337 1325 443 1355; x_wconf 59' lang='lat'><strong>549—</strong></span> 
     </span>
    </p>

    <p class='ocr_par' dir='ltr' id='par_1_17' title="bbox 367 1358 1137 1400">
     <span class='ocr_line' id='line_1_22' title="bbox 367 1358 1137 1400; baseline 0 -10"><span class='ocrx_word' id='word_1_132' title='bbox 367 1360 488 1396; x_wconf 61' lang='grc' dir='ltr'>ἡδεῖαν</span> <span class='ocrx_word' id='word_1_133' title='bbox 512 1362 569 1397; x_wconf 80' lang='grc' dir='ltr'>τῆς</span> <span class='ocrx_word' id='word_1_134' title='bbox 590 1360 617 1391; x_wconf 85' lang='grc' dir='ltr'>δ’</span> <span class='ocrx_word' id='word_1_135' title='bbox 636 1361 672 1391; x_wconf 80' lang='grc' dir='ltr'>οὔ</span> <span class='ocrx_word' id='word_1_136' title='bbox 688 1372 719 1390; x_wconf 87' lang='grc' dir='ltr'>τι</span> <span class='ocrx_word' id='word_1_137' title='bbox 738 1360 800 1390; x_wconf 83' lang='grc' dir='ltr'>θεοὶ</span> <span class='ocrx_word' id='word_1_138' title='bbox 818 1358 955 1400; x_wconf 77' lang='grc' dir='ltr'>μάκαρες</span> <span class='ocrx_word' id='word_1_139' title='bbox 973 1358 1137 1398; x_wconf 78' lang='grc' dir='ltr'>δατέοντο,</span> 
     </span>
    </p>

    <p class='ocr_par' dir='ltr' id='par_1_18' title="bbox 367 1401 1235 1442">
     <span class='ocr_line' id='line_1_23' title="bbox 367 1401 1235 1442; baseline 0 -9"><span class='ocrx_word' id='word_1_140' title='bbox 367 1403 430 1434; x_wconf 79' lang='grc' dir='ltr'>οὐδ’</span> <span class='ocrx_word' id='word_1_141' title='bbox 450 1402 573 1434; x_wconf 82' lang='grc' dir='ltr'>ἔθελον·</span> <span class='ocrx_word' id='word_1_142' title='bbox 600 1402 688 1441; x_wconf 82' lang='grc' dir='ltr'>μάλα</span> <span class='ocrx_word' id='word_1_143' title='bbox 704 1402 765 1442; x_wconf 76' lang='grc' dir='ltr'>’γάρ</span> <span class='ocrx_word' id='word_1_144' title='bbox 784 1409 861 1442; x_wconf 83' lang='grc' dir='ltr'>σφιν</span> <span class='ocrx_word' id='word_1_145' title='bbox 879 1401 1045 1442; x_wconf 77' lang='grc' dir='ltr'>ἀπήχθετο</span> <span class='ocrx_word' id='word_1_146' title='bbox 1057 1402 1159 1434; x_wconf 80' lang='grc' dir='ltr'>Ἴλιος</span> <span class='ocrx_word' id='word_1_147' title='bbox 1175 1401 1235 1442; x_wconf 76' lang='grc' dir='ltr'>ἱρή,</span> 
     </span>
    </p>

    <p class='ocr_par' dir='ltr' id='par_1_19' title="bbox 128 1445 1456 1788">
     <span class='ocr_line' id='line_1_24' title="bbox 367 1445 1088 1484; baseline 0 -8"><span class='ocrx_word' id='word_1_148' title='bbox 367 1446 417 1477; x_wconf 75' lang='grc' dir='ltr'>καὶ</span> <span class='ocrx_word' id='word_1_149' title='bbox 435 1446 573 1484; x_wconf 85' lang='grc' dir='ltr'>Πρίαμος</span> <span class='ocrx_word' id='word_1_150' title='bbox 593 1447 643 1477; x_wconf 78' lang='grc' dir='ltr'>καὶ</span> <span class='ocrx_word' id='word_1_151' title='bbox 662 1447 740 1477; x_wconf 81' lang='grc' dir='ltr'>λαὸς</span> <span class='ocrx_word' id='word_1_152' title='bbox 760 1445 918 1484; x_wconf 80' lang='grc' dir='ltr'>ἐϋμμελίω</span> <span class='ocrx_word' id='word_1_153' title='bbox 937 1445 1088 1484; x_wconf 79' lang='grc' dir='ltr'>Πριάμοιο</span> 
     </span>
     <span class='ocr_line' id='line_1_25' title="bbox 129 1487 1456 1530; baseline -0.001 -11"><span class='ocrx_word' id='word_1_154' title='bbox 129 1489 183 1520; x_wconf 87' lang='lat' dir='ltr'><strong>cit.</strong></span> <span class='ocrx_word' id='word_1_155' title='bbox 205 1489 301 1520; x_wconf 86' lang='lat' dir='ltr'>Plato</span> <span class='ocrx_word' id='word_1_156' title='bbox 317 1488 426 1520; x_wconf 88' lang='lat' dir='ltr'>Alcib.</span> <span class='ocrx_word' id='word_1_157' title='bbox 448 1489 480 1520; x_wconf 94' lang='lat' dir='ltr'>ii.</span> <span class='ocrx_word' id='word_1_158' title='bbox 504 1499 564 1528; x_wconf 86' lang='lat'>149</span> <span class='ocrx_word' id='word_1_159' title='bbox 582 1490 601 1519; x_wconf 92' lang='lat' dir='ltr'>d</span> <span class='ocrx_word' id='word_1_160' title='bbox 763 1498 825 1527; x_wconf 84' lang='lat'>553</span> <span class='ocrx_word' id='word_1_161' title='bbox 849 1488 988 1529; x_wconf 71' lang='grc' dir='ltr'>’γεφύρας</span> <span class='ocrx_word' id='word_1_162' title='bbox 1004 1499 1023 1519; x_wconf 85' lang='lat' dir='ltr'><strong>c</strong></span> <span class='ocrx_word' id='word_1_163' title='bbox 1036 1499 1054 1519; x_wconf 88' lang='lat' dir='ltr'>e</span> <span class='ocrx_word' id='word_1_164' title='bbox 1068 1492 1106 1518; x_wconf 82' lang='lat' dir='ltr'>fi</span> <span class='ocrx_word' id='word_1_165' title='bbox 1120 1499 1141 1525; x_wconf 84' lang='lat' dir='ltr'><strong>q</strong></span> <span class='ocrx_word' id='word_1_166' title='bbox 1153 1488 1183 1517; x_wconf 89' lang='lat' dir='ltr'>A</span> <span class='ocrx_word' id='word_1_167' title='bbox 1196 1488 1225 1517; x_wconf 94' lang='lat' dir='ltr'>D</span> <span class='ocrx_word' id='word_1_168' title='bbox 1243 1487 1284 1518; x_wconf 87' lang='lat' dir='ltr'>al.</span> <span class='ocrx_word' id='word_1_169' title='bbox 1303 1500 1309 1518; x_wconf 92' lang='lat'>:</span> <span class='ocrx_word' id='word_1_170' title='bbox 1333 1488 1456 1530; x_wconf 71' lang='grc' dir='ltr'>γεφύρῃ</span> 
     </span>
     <span class='ocr_line' id='line_1_26' title="bbox 128 1530 1370 1573; baseline -0.002 -11"><span class='ocrx_word' id='word_1_171' title='bbox 128 1532 216 1571; x_wconf 88' lang='lat' dir='ltr'>vulg.</span> <span class='ocrx_word' id='word_1_172' title='bbox 234 1543 241 1562; x_wconf 78' lang='lat' dir='ltr'>t</span> <span class='ocrx_word' id='word_1_173' title='bbox 266 1532 420 1573; x_wconf 72' lang='grc' dir='ltr'>γεφύραις</span> <span class='ocrx_word' id='word_1_174' title='bbox 440 1543 470 1563; x_wconf 83' lang='grc' dir='ltr'>ν.</span> <span class='ocrx_word' id='word_1_175' title='bbox 490 1532 509 1563; x_wconf 85' lang='grc'>1.</span> <span class='ocrx_word' id='word_1_176' title='bbox 530 1542 582 1571; x_wconf 89' lang='lat' dir='ltr'>ap.</span> <span class='ocrx_word' id='word_1_177' title='bbox 602 1531 693 1562; x_wconf 80' lang='lat' dir='ltr'><strong>Eust.</strong></span> <span class='ocrx_word' id='word_1_178' title='bbox 783 1540 846 1569; x_wconf 85' lang='lat'>554</span> <span class='ocrx_word' id='word_1_179' title='bbox 871 1532 954 1572; x_wconf 82' lang='grc' dir='ltr'>παρὰ</span> <span class='ocrx_word' id='word_1_180' title='bbox 971 1534 997 1562; x_wconf 89' lang='grc' dir='ltr'>δ.</span> <span class='ocrx_word' id='word_1_181' title='bbox 1018 1543 1047 1562; x_wconf 86' lang='grc' dir='ltr'>σ.</span> <span class='ocrx_word' id='word_1_182' title='bbox 1070 1544 1098 1563; x_wconf 84' lang='grc' dir='ltr'>κ.</span> <span class='ocrx_word' id='word_1_183' title='bbox 1119 1531 1199 1572; x_wconf 82' lang='grc' dir='ltr'>πυρά</span> <span class='ocrx_word' id='word_1_184' title='bbox 1215 1530 1370 1567; x_wconf 66' lang='lat' dir='ltr'>iqu⁶</span> 
     </span>
     <span class='ocr_line' id='line_1_27' title="bbox 128 1572 1451 1615; baseline -0.001 -10"><span class='ocrx_word' id='word_1_185' title='bbox 128 1576 279 1615; x_wconf 85' lang='lat'>557-558</span> <span class='ocrx_word' id='word_1_186' title='bbox 303 1585 366 1605; x_wconf 90' lang='lat' dir='ltr'>orn.</span> <span class='ocrx_word' id='word_1_187' title='bbox 388 1575 481 1613; x_wconf 88' lang='lat' dir='ltr'><strong>Zen.,</strong></span> <span class='ocrx_word' id='word_1_188' title='bbox 502 1575 568 1606; x_wconf 88' lang='lat' dir='ltr'><strong>ath.</strong></span> <span class='ocrx_word' id='word_1_189' title='bbox 587 1574 760 1614; x_wconf 82' lang='lat' dir='ltr'><strong>Aristoph.</strong></span> <span class='ocrx_word' id='word_1_190' title='bbox 774 1574 834 1605; x_wconf 87' lang='lat' dir='ltr'>Ar.</span> <span class='ocrx_word' id='word_1_191' title='bbox 994 1584 1058 1613; x_wconf 90' lang='lat'>559</span> <span class='ocrx_word' id='word_1_192' title='bbox 1082 1574 1115 1605; x_wconf 84' lang='grc' dir='ltr'>δὲ</span> <span class='ocrx_word' id='word_1_193' title='bbox 1133 1573 1190 1604; x_wconf 89' lang='lat' dir='ltr'>Ar.</span> <span class='ocrx_word' id='word_1_194' title='bbox 1213 1573 1242 1602; x_wconf 97' lang='lat' dir='ltr'>D</span> <span class='ocrx_word' id='word_1_195' title='bbox 1255 1572 1370 1603; x_wconf 61' lang='lat' dir='ltr'>MSVi’2</span> <span class='ocrx_word' id='word_1_196' title='bbox 1388 1585 1419 1603; x_wconf 83' lang='lat' dir='ltr'>v.</span> <span class='ocrx_word' id='word_1_197' title='bbox 1433 1574 1451 1604; x_wconf 86' lang='lat'>1.</span> 
     </span>
     <span class='ocr_line' id='line_1_28' title="bbox 129 1615 1456 1657; baseline 0 -9"><span class='ocrx_word' id='word_1_198' title='bbox 129 1619 162 1649; x_wconf 92' lang='lat' dir='ltr'>in</span> <span class='ocrx_word' id='word_1_199' title='bbox 182 1618 265 1650; x_wconf 68' lang='lat'>11¹0:</span> <span class='ocrx_word' id='word_1_200' title='bbox 288 1628 353 1649; x_wconf 90' lang='lat' dir='ltr'>om.</span> <span class='ocrx_word' id='word_1_201' title='bbox 375 1617 442 1648; x_wconf 79' lang='lat'>05:</span> <span class='ocrx_word' id='word_1_202' title='bbox 467 1617 504 1650; x_wconf 84' lang='grc' dir='ltr'>δέ</span> <span class='ocrx_word' id='word_1_203' title='bbox 518 1617 547 1650; x_wconf 86' lang='grc' dir='ltr'>τ’</span> <span class='ocrx_word' id='word_1_204' title='bbox 565 1617 653 1656; x_wconf 87' lang='lat' dir='ltr'>vulg.</span> <span class='ocrx_word' id='word_1_205' title='bbox 674 1617 761 1657; x_wconf 73' lang='grc' dir='ltr'>(δέτε</span> <span class='ocrx_word' id='word_1_206' title='bbox 780 1617 812 1647; x_wconf 84' lang='lat' dir='ltr'>in</span> <span class='ocrx_word' id='word_1_207' title='bbox 831 1627 894 1648; x_wconf 80' lang='lat' dir='ltr'>ras.</span> <span class='ocrx_word' id='word_1_208' title='bbox 913 1617 960 1657; x_wconf 63' lang='lat' dir='ltr'>A)</span> <span class='ocrx_word' id='word_1_209' title='bbox 1126 1617 1191 1655; x_wconf 87' lang='lat'>560</span> <span class='ocrx_word' id='word_1_210' title='bbox 1214 1615 1338 1656; x_wconf 80' lang='grc' dir='ltr'>τόσσα]</span> <span class='ocrx_word' id='word_1_211' title='bbox 1359 1618 1397 1648; x_wconf 80' lang='grc' dir='ltr'>ὣς</span> <span class='ocrx_word' id='word_1_212' title='bbox 1416 1618 1456 1648; x_wconf 83' lang='grc' dir='ltr'>τὰ</span> 
     </span>
     <span class='ocr_line' id='line_1_29' title="bbox 128 1658 1341 1700; baseline -0.002 -8"><span class='ocrx_word' id='word_1_213' title='bbox 128 1672 158 1693; x_wconf 91' lang='lat' dir='ltr'>v.</span> <span class='ocrx_word' id='word_1_214' title='bbox 173 1662 193 1692; x_wconf 93' lang='lat' dir='ltr'>l.</span> <span class='ocrx_word' id='word_1_215' title='bbox 211 1667 291 1700; x_wconf 87' lang='lat' dir='ltr'>ant.‚</span> <span class='ocrx_word' id='word_1_216' title='bbox 312 1672 341 1692; x_wconf 87' lang='lat' dir='ltr'>v.</span> <span class='ocrx_word' id='word_1_217' title='bbox 357 1662 375 1692; x_wconf 85' lang='lat' dir='ltr'>l.</span> <span class='ocrx_word' id='word_1_218' title='bbox 396 1662 428 1691; x_wconf 86' lang='lat' dir='ltr'>in</span> <span class='ocrx_word' id='word_1_219' title='bbox 446 1661 477 1690; x_wconf 85' lang='lat' dir='ltr'><strong>A</strong></span> <span class='ocrx_word' id='word_1_220' title='bbox 495 1673 501 1691; x_wconf 92' lang='lat'>:</span> <span class='ocrx_word' id='word_1_221' title='bbox 525 1663 596 1693; x_wconf 82' lang='grc' dir='ltr'>τοῖα</span> <span class='ocrx_word' id='word_1_222' title='bbox 612 1671 642 1691; x_wconf 90' lang='grc' dir='ltr'>ν.</span> <span class='ocrx_word' id='word_1_223' title='bbox 658 1661 677 1691; x_wconf 89' lang='lat'>1.</span> <span class='ocrx_word' id='word_1_224' title='bbox 697 1661 729 1692; x_wconf 88' lang='lat' dir='ltr'>in</span> <span class='ocrx_word' id='word_1_225' title='bbox 745 1660 776 1691; x_wconf 91' lang='lat' dir='ltr'><strong>A</strong></span> <span class='ocrx_word' id='word_1_226' title='bbox 951 1661 1014 1698; x_wconf 85' lang='lat'>562</span> <span class='ocrx_word' id='word_1_227' title='bbox 1039 1658 1137 1700; x_wconf 81' lang='grc' dir='ltr'>χίλι’]</span> <span class='ocrx_word' id='word_1_228' title='bbox 1157 1659 1239 1700; x_wconf 80' lang='grc' dir='ltr'>μυρί’</span> <span class='ocrx_word' id='word_1_229' title='bbox 1259 1659 1341 1690; x_wconf 78' lang='lat' dir='ltr'><strong>Zen.</strong></span> 
     </span>
     <span class='ocr_line' id='line_1_30' title="bbox 129 1702 1450 1746; baseline -0.001 -12"><span class='ocrx_word' id='word_1_230' title='bbox 129 1705 190 1743; x_wconf 86' lang='lat'>563</span> <span class='ocrx_word' id='word_1_231' title='bbox 216 1706 309 1736; x_wconf 79' lang='grc' dir='ltr'>σέλαι</span> <span class='ocrx_word' id='word_1_232' title='bbox 328 1704 395 1740; x_wconf 82' lang='lat' dir='ltr'>(vel</span> <span class='ocrx_word' id='word_1_233' title='bbox 414 1704 507 1746; x_wconf 78' lang='grc' dir='ltr'>σέλᾳ)</span> <span class='ocrx_word' id='word_1_234' title='bbox 531 1714 549 1736; x_wconf 87' lang='lat' dir='ltr'>e</span> <span class='ocrx_word' id='word_1_235' title='bbox 563 1703 658 1742; x_wconf 73' lang='lat' dir='ltr'><strong>qu</strong></span> <span class='ocrx_word' id='word_1_236' title='bbox 671 1713 754 1736; x_wconf 86' lang='lat' dir='ltr'>corr.</span> <span class='ocrx_word' id='word_1_237' title='bbox 777 1703 804 1734; x_wconf 92' lang='lat' dir='ltr'><strong>B</strong></span> <span class='ocrx_word' id='word_1_238' title='bbox 819 1702 901 1733; x_wconf 92' lang='lat' dir='ltr'>TU1</span> <span class='ocrx_word' id='word_1_239' title='bbox 913 1702 971 1733; x_wconf 76' lang='lat' dir='ltr'>V¹5</span> <span class='ocrx_word' id='word_1_240' title='bbox 986 1715 992 1734; x_wconf 75' lang='grc' dir='ltr'>ε</span> <span class='ocrx_word' id='word_1_241' title='bbox 1025 1703 1107 1735; x_wconf 82' lang='grc' dir='ltr'>σέλα</span> <span class='ocrx_word' id='word_1_242' title='bbox 1124 1702 1212 1741; x_wconf 88' lang='lat' dir='ltr'>vulg.</span> <span class='ocrx_word' id='word_1_243' title='bbox 1229 1714 1236 1735; x_wconf 91' lang='lat'><strong>:</strong></span> <span class='ocrx_word' id='word_1_244' title='bbox 1271 1702 1369 1734; x_wconf 83' lang='grc' dir='ltr'>σέλας</span> <span class='ocrx_word' id='word_1_245' title='bbox 1386 1713 1414 1732; x_wconf 93' lang='lat' dir='ltr'>v.</span> <span class='ocrx_word' id='word_1_246' title='bbox 1433 1702 1450 1733; x_wconf 90' lang='grc'>1.</span> 
     </span>
     <span class='ocr_line' id='line_1_31' title="bbox 129 1746 366 1788; baseline 0.004 -10"><span class='ocrx_word' id='word_1_247' title='bbox 129 1753 207 1788; x_wconf 87' lang='lat' dir='ltr'><strong>ant.,</strong></span> <span class='ocrx_word' id='word_1_248' title='bbox 227 1746 293 1779; x_wconf 78' lang='lat' dir='ltr'>i.Vl</span> <span class='ocrx_word' id='word_1_249' title='bbox 306 1746 366 1779; x_wconf 75' lang='lat' dir='ltr'>V¹2</span> 
     </span>
    </p>
   </div>
  </div>
 </body>
</html>
