1624 2802
536 122 571 154 5.
644 114 901 151 ῙᾹΙΑΔΟΣ
952 115 980 150 Ε

98 223 137 261 οἵ
158 223 175 261 ἑ
200 219 324 271 μέγαν
349 234 421 269 περ
449 217 563 258 ἐόντα
591 219 652 257 καὶ
679 218 841 268 ἴφθιμον
869 217 930 256 καὶ
956 216 1102 268 ἀγαυὸν

99 287 206 328 ὦσαν
231 285 307 326 ἀπὸ
333 284 499 336 σφείων·
537 284 557 323 ὁ
581 286 623 324 δὲ
648 282 908 337 χασσάμενος
933 283 1167 335 πελεμίχθη.

158 352 236 394 ὁΩς
260 353 296 392 οῖ
320 353 391 402 μὲν
416 349 605 391 πονέοντο
632 351 728 389 κατὰ
754 348 943 400 κρατερὴν
966 349 1148 398 ὑσμίνην·

97 419 361 469 Τληπόλεμον
386 416 417 457 δ’
443 415 721 468 (Ηρακλεΐδην,
750 414 818 465 ἠΰν
844 432 887 455 τε
911 414 1037 466 μέγαν
1061 431 1114 460 τε,

99 484 224 538 ὦρσεν
251 483 309 524 ἐπ’
337 482 499 537 ἀντιθέῳ
525 482 752 534 Σαρπηδόνι
778 485 895 533 μοῖρα
920 479 1094 532 κραταιή.

99 554 134 593 οἱ
159 551 190 592 δ’
216 551 281 591 ὅτε
306 549 350 599 δὴ
378 549 524 602 σχεδὸν
550 548 653 600 ἦσαν
679 547 739 588 ἐπ’
768 546 1008 597 ἀλλήλοισιν
1037 547 1172 593 ἰόντες,

99 619 178 660 υἱός
204 617 236 657 θ’
262 617 399 658 υἱωνός
423 633 465 656 τε
491 615 587 657 Διὸς
616 613 948 667 νεφεληγερέταο,

99 685 165 725 τὸν
191 684 252 723 καὶ
275 683 540 733 Τληπόλεμος
564 683 752 734 πρότερος
778 680 873 732 πρὸς
897 682 1018 731 μῦθον
1045 680 1163 720 ἔειπε·

103 753 127 768 “
143 751 362 802 Σαρπῆδον,
389 750 544 789 Λυκίων
569 748 815 800 βουληφόρε,
842 748 901 788 τίς
926 763 985 786 τοι
1011 745 1160 798 ἀνάγκη

101 817 302 858 πτώσσειν
328 814 456 856 ἐνθάδ’
483 816 586 855 ἐόντι
610 814 741 867 μάχης
769 812 959 864 ἀδαήμονι
985 813 1107 865 φωτί;

101 883 336 936 ψευδόμενοι
360 881 402 922 δέ
427 881 476 922 σέ
500 887 603 934 φασι
630 881 726 922 Διὸς
751 881 869 933 γόνον
896 880 1092 932 αἰγιόχοιο

104 950 214 995 εἶναι,
240 950 324 990 ἐπεὶ
349 948 503 989 πολλὸν
528 949 665 989 κείνων
691 947 886 988 ἐπιδεύεαι
912 947 1062 998 ἀνδρῶν

104 1017 138 1057 οἳ
165 1016 259 1058 Διὸς
286 1014 512 1067 ἐξεγένοντο
539 1016 601 1055 ἐπὶ
627 1012 827 1065 προτέρων
853 1013 1082 1064 ἀνθρώπων·

105 1082 194 1123 ἀλλ’
218 1083 302 1122 οἶόν
327 1080 414 1122 τινά
439 1087 541 1133 φασι
566 1082 663 1131 βίην
688 1079 956 1131 “Ηρακληείην

106 1149 215 1196 εἶναι,
243 1148 336 1199 ἐμὸν
360 1147 510 1198 πατέρα
534 1146 835 1199 θρασυμέμνονα
862 1144 1115 1196 θυμολέοντα·

105 1216 147 1257 ὅς
170 1231 264 1255 ποτε
289 1213 388 1266 δεῦρ’
416 1214 543 1254 ἐλθὼν
568 1213 671 1266 ἕνεχ’
697 1213 826 1253 ἵππων
853 1210 1122 1262 Λαομέδοντος

108 1280 152 1332 ἓξ
172 1283 254 1337 οἴῃς
280 1281 352 1321 σὺν
377 1281 492 1330 νηυσὶ
519 1281 582 1320 καὶ
607 1278 772 1331 ἀνδράσι
797 1277 1099 1329 παυροτέροισιν

107 1347 226 1388 Ἰλίου
252 1345 476 1397 ἐξαλάπαξε
499 1347 631 1392 πόλιν,
658 1344 820 1398 χήρωσε
845 1344 876 1383 δ’
903 1343 1051 1395 ἀγυιάς·

109 1414 172 1454 σοὶ
197 1416 236 1454 δὲ
262 1413 376 1455 κακὸς
401 1415 473 1463 μὲν
499 1413 630 1463 θυμός,
657 1411 973 1463 ἀποφθινύθουσι
998 1412 1039 1450 δὲ
1064 1411 1165 1450 λαοί.

109 1477 196 1520 οὐδέ
219 1481 260 1520 τί
282 1496 329 1519 σε
353 1480 564 1531 Τρώεσσιν
588 1478 719 1528 ὀΐομαι
743 1477 868 1529 ἄλκαρ
895 1477 1061 1516 ἔσεσθαι

109 1545 259 1586 ἐλθόντ’
284 1547 326 1586 ἐκ
352 1547 508 1595 Λυκίης,
537 1544 615 1585 οὐδ’
642 1545 675 1584 εἰ
700 1543 808 1594 μάλα
834 1542 1017 1594 καρτερός
1044 1542 1150 1587 ἐσσι,

110 1611 198 1652 ἀλλ’
222 1611 285 1652 ὑπ’
314 1612 398 1662 ἐμοὶ
423 1610 617 1661 δμηθέντα
641 1610 768 1650 πύλας
793 1608 926 1648 Ἀΐδαο
952 1606 1177 1658 περήσειν.”

174 1677 256 1718 Τὸν
281 1677 314 1718 δ’
340 1677 386 1717 αὖ
411 1677 626 1729 Σαρπηδὼν
653 1676 806 1715 Λυκίων
832 1674 926 1726 ἀγὸς
952 1674 1085 1714 ἀντίον
1109 1673 1218 1723 ηὔδα·

113 1743 393 1794 ςζΤληπόλεμῖ,
420 1743 506 1793 ἤτοι
532 1745 656 1783 κεῖνος
683 1742 890 1781 ἀπώλεσεν
908 1740 1036 1780 Ἴλιον
1063 1739 1147 1791 ἱρὴν

112 1809 248 1862 ἀνέρος
272 1811 513 1865 ἀφραδίῃσιν
538 1809 683 1860 ἀγαυοῦ
708 1806 992 1857 Λαομέδοντος,

113 1877 155 1917 ὅς
177 1875 225 1927 ῥά
248 1893 315 1927 μιν
339 1876 380 1915 εὖ
408 1874 572 1927 ἕρξαντα
598 1877 699 1928 κακῷ
725 1873 894 1923 ἠνίπαπε
920 1874 1041 1927 μύθῳ,

114 1941 190 1982 οὐδ’
215 1941 384 1994 ἀπέδωχ’
411 1943 562 1987 ἵππους,
589 1941 643 1980 ὧν
671 1941 798 1980 εἵνεκα
823 1940 991 1990 τηλόθεν
1018 1938 1126 1989 ἦλθε.

116 2008 179 2048 σοὶ
204 2007 234 2047 δ’
261 2008 337 2060 ἐγὼ
364 2006 501 2048 ἐνθάδε
525 2008 626 2059 φημὶ
653 2007 777 2059 φόνον
806 2006 867 2046 καὶ
895 2009 992 2057 κῆρα
1016 2004 1207 2055 μέλαιναν

118 2071 162 2123 ἐξ
183 2073 320 2124 ἐμέθεν
344 2070 562 2122 τεύξεσθαι,
589 2075 667 2127 ἐμῷ
693 2073 725 2112 δ’
750 2073 824 2113 ὑπὸ
850 2073 955 2123 δουρὶ
980 2071 1153 2121 δαμέντα

118 2139 231 2192 εὖχος
256 2140 341 2190 ἐμοὶ
365 2140 520 2186 δώσειν,
545 2139 682 2192 ψυχὴν
708 2139 740 2180 δ’
759 2138 866 2178 ’Ἄϊδι
891 2135 1168 2190 κλυτοπώλῳ.”

1352 219 1414 258 625

1360 1211 1426 1252 640

1367 1874 1431 1913 650

179 2204 257 2248 ⁶522
282 2205 385 2258 φάτο
411 2207 637 2259 Σαρπηδών,
666 2207 686 2245 ὁ
712 2206 744 2246 δ’
770 2204 964 2257 ἀνέσχετο
989 2204 1164 2254 μείλινον
1190 2202 1308 2254 ἔγχος
1369 2203 1432 2243 655

165 2298 229 2336 630
251 2296 336 2329 ἰόντε
355 2297 412 2328 Ar.
432 2297 482 2329 ed.
503 2297 609 2328 altera
709 2297 773 2335 638
798 2295 875 2327 ἀλλ’
891 2294 958 2327 οἷον
976 2293 1149 2334 AriStoph.
1168 2293 1229 2324 Ar.
1249 2293 1439 2324 Heracleo:

124 2340 256 2372 ἀλλοῖον
271 2340 458 2380 Tyrannio,
479 2340 558 2371 Pius
575 2352 581 2371 :
606 2341 681 2371 ἀλλ’
699 2340 765 2371 οἶόν
784 2339 950 2378 parmen„
975 2338 1086 2368 Nicias
1250 2337 1442 2378 Ἠρακλεΐην

124 2382 201 2413 Zen.
222 2383 405 2425 (ἀμέτρως),
425 2383 473 2414 Μ5
485 2383 534 2413 MS
546 2383 594 2413 M⁹
606 2382 669 2413 M¹3
685 2382 730 2413 Ο6
744 2382 789 2412 U2
806 2382 853 2412 U5
870 2380 930 2412 U¹3
1072 2381 1137 2418 646
1162 2382 1237 2419 ἐμοῦ
1252 2384 1275 2410 b
1286 2390 1305 2410 c
1316 2378 1440 2417 ng¹

125 2425 181 2456 Vi‘-'
197 2426 236 2457 al.
369 2427 435 2466 650
457 2426 589 2468 ῥέξαντα
604 2437 628 2463 p
643 2426 683 2456 L²
698 2425 746 2456 Μ5
759 2424 824 2456 M¹0
834 2423 879 2454 V⁵
1011 2425 1071 2462 651
1099 2422 1157 2463 ὧν]
1175 2426 1240 2455 τῶν
1258 2422 1347 2454 ka
1364 2422 1405 2452 al.
