1629 2828
2 1843 9 1913 l

2 1911 9 1942 l

2 1952 9 2000 l

2 2002 9 2071 l

2 2084 9 2131 5

3 2139 9 2246 ξ

3 2254 9 2321 l

3 2359 11 2682 ἰ

547 128 961 169 PRAEFATIO

95 243 201 284 ticos
231 240 463 281 evanuisse.
527 241 680 294 Itaque
713 254 821 293 opus
854 241 1041 293 suscepit
1075 252 1233 292 magno
1265 238 1415 278 critico

95 309 195 352 satis
223 309 417 361 dignum,
441 309 602 350 scilicet
624 318 671 351 ut
697 310 884 350 litteram
907 309 1112 350 amissam
1142 314 1297 361 poetae
1321 308 1414 348 red-

94 379 220 420 deret.
292 376 361 417 Ac
385 368 545 418 ⁷multis
586 379 760 431 quidem
795 378 896 419 locis
929 377 1139 418 sermonis
1173 377 1282 429 epici
1316 390 1415 429 pro-

95 446 320 500 prietatem
345 447 573 487 revocavit.
637 447 724 488 Sed
756 460 895 499 neque
926 447 1016 500 ipse
1045 446 1220 499 plenum
1252 446 1415 485 inventi

93 515 156 556 sui
181 515 365 555 fructum
388 516 576 569 percepit
599 529 737 568 neque
767 516 841 567 qui
863 521 960 568 post
987 528 1085 554 eum
1109 515 1261 554 iisdem
1289 515 1417 554 ratio-

94 584 217 624 nibus
238 584 480 631 utebantm,
499 584 648 636 quales
665 591 785 625 erant
809 585 842 624 I.
861 583 1033 624 Bekker
1053 590 1095 623 et
1119 583 1167 624 C.
1188 582 1238 623 G.
1260 582 1416 624 Cobet.

96 652 237 706 Magis
272 652 543 706 profecerunt
579 654 651 706 qui
689 653 933 706 linguarum
977 652 1180 692 scientiae
1221 656 1418 691 auctores

94 727 206 770 sunt,
237 727 337 761 ante
373 735 524 762 omnes
555 723 617 761 vir
648 721 930 762 subtilissimo
973 722 1144 773 ingenio
1184 721 1419 774 praeditus,

96 791 322 843 Augustus
360 790 478 841 Fick,
514 792 587 843 qui
620 792 784 844 primus
816 790 1029 830 intellexit
1070 789 1240 842 linguae
1271 789 1418 841 epicae

97 859 280 911 origines
299 865 424 899 extra
442 859 549 900 fines
568 860 714 900 Ioniae
731 859 997 912 quaerendas
1015 872 1119 899 esse.
1172 858 1253 899 Cui
1273 865 1419 898 tamen

96 927 294 980 equidem
326 941 412 968 non
445 929 654 969 assentior
689 929 870 969 eandem
905 927 1034 968 fuisse
1065 927 1258 980 opinanti
1289 933 1421 979 atque

95 995 324 1036 Aeolicam
347 995 465 1036 illam
489 1010 565 1050 per
587 1004 738 1050 poetas
762 997 995 1037 Lesbiacos
1020 995 1227 1036 illustrem
1249 995 1420 1037 factam.

99 1063 246 1104 Habet
279 1065 392 1104 enim
426 1078 511 1106 non
550 1066 761 1106 minorem
796 1080 895 1105 cum
929 1065 1021 1105 aliis
1053 1065 1422 1114 necessitudinem,

97 1133 344 1185 praesertim
379 1146 476 1174 cum
507 1133 726 1175 Arcadica
756 1148 806 1175 ac
841 1133 1016 1187 Cypria.
1081 1134 1223 1173 Immo
1253 1135 1308 1174 de
1340 1134 1421 1173 hac

98 1214 141 1241 re
163 1200 270 1241 illud
292 1201 506 1242 affirmare
528 1203 679 1252 ausim,
696 1216 774 1244 nos
795 1216 847 1243 eo
866 1202 1016 1242 melius
1039 1202 1229 1255 linguam
1256 1202 1420 1243 Home-

98 1271 227 1311 ricam
270 1271 488 1322 cognitam
540 1271 697 1311 habere
737 1285 824 1324 quo
867 1284 1070 1324 magnam
1123 1277 1289 1324 partem
1331 1271 1422 1311 eius

100 1339 293 1393 ignotam
328 1352 420 1380 esse
452 1339 716 1393 profitemur.
789 1338 991 1380 Ceterum
1025 1340 1059 1379 si
1096 1339 1421 1380 concedendum

99 1415 172 1458 est,
202 1408 319 1460 quod
351 1408 542 1461 plerique
573 1408 701 1449 hodie
732 1409 990 1457 concedunt‚
1021 1408 1202 1449 Homeri
1233 1408 1424 1449 carmina

101 1490 186 1517 non
203 1476 348 1518 Ionice
362 1478 547 1530 primum
563 1484 738 1519 cantata
753 1491 857 1529 esse,
868 1478 942 1518 sed
958 1492 1013 1518 ex
1028 1477 1204 1530 antiqua
1222 1477 1423 1518 Achaeo-

101 1559 195 1585 rum
218 1545 404 1586 dialecto
421 1560 446 1587 a
464 1546 691 1600 rhapsodis
717 1547 891 1586 Ionibus
913 1547 1128 1596 traducta,
1146 1546 1250 1598 quid
1273 1547 1327 1586 ad
1346 1559 1424 1586 nos

100 1615 156 1655 de
192 1614 388 1654 Homero
425 1615 595 1655 edendo
628 1615 896 1668 cogitantes?
956 1614 1046 1654 Vix
1079 1615 1256 1667 prodest
1292 1628 1424 1655 unam

101 1683 289 1724 litteram
307 1682 538 1724 Aeolicam
558 1697 772 1735 reponere,
790 1690 931 1724 cetera
953 1697 1088 1736 prope
1110 1683 1254 1723 omnia
1278 1683 1425 1723 Ionica

102 1765 192 1792 esse
232 1752 335 1804 pati.
399 1752 491 1792 Aut
531 1752 662 1804 igitur
698 1752 932 1792 dialectum
968 1758 1139 1804 oportet
1180 1751 1425 1791 universam

46 1836 48 1838 ’
102 1820 496 1872 redintegrare—id
524 1820 641 1872 quod
663 1833 771 1872 opus
794 1827 905 1861 esset
922 1820 1079 1860 nostris
1102 1819 1265 1860 viribus
1288 1820 1426 1859 maius

104 1896 234 1929 —aut
257 1889 364 1928 sicut
386 1890 589 1929 traditam
617 1889 862 1941 accepimus
886 1889 1080 1929 retinere.
1143 1887 1214 1928 Sic
1244 1888 1425 1927 Homeri

103 1963 273 1998 textum
296 1957 550 1997 habebimus
573 1957 653 1997 sibi
677 1963 958 2006 constantem,
978 1971 1062 1997 non
1087 1957 1312 2010 purpureis
1335 1957 1425 1996 dia-

106 2026 311 2066 lectorum
340 2026 492 2078 pannis
522 2026 699 2066 varium.
765 2014 1036 2065 Habebimus
1063 2026 1251 2077 denique
1280 2026 1312 2064 si
1342 2038 1426 2064 non

104 2095 425 2147 optimum—ut
447 2095 519 2147 qui
547 2094 677 2148 ipsius
706 2101 860 2146 poetae
890 2108 1068 2135 manum
1099 2095 1425 2146 contingeret*—

104 2170 295 2204 attamen
319 2164 360 2203 in
383 2163 556 2216 optimis
580 2163 786 2204 Graeciae
810 2163 987 2204 saeculis
1008 2163 1248 2215 vulgatum.

163 2232 230 2272 De
247 2233 530 2272 adnotatione
551 2232 708 2281 critica,
724 2244 853 2284 quam
878 2232 1051 2272 brevem
1075 2245 1165 2272 esse
1187 2231 1428 2285 oportebat,

106 2313 242 2353 pauca
262 2307 361 2340 sunt
382 2300 462 2342 hoc
484 2300 579 2341 loco
601 2301 826 2340 monenda.

166 2368 391 2409 Prosodias
440 2369 481 2408 in
532 2368 650 2409 libris
700 2370 881 2409 traditas
924 2369 1082 2421 ubique
1124 2368 1426 2422 negleximus3

736 2448 795 2471 Xlll
