1629 2828
493 142 524 176 1.
597 136 857 174 ΙΛΙΑΔΟΣ
927 137 960 173 Α

133 238 211 282 ὁΩς
233 238 291 292 ἄρ’
316 239 406 291 ἔφη,
435 239 496 279 καὶ
521 237 683 289 ἀναΐξας
707 237 826 280 δέπας
850 238 1153 290 ἀμφικύπελλον

73 307 185 359 μητρὶ
209 307 309 362 φίλῃ
337 307 378 346 ἐν
401 306 505 359 χειρὶ
529 306 640 351 τίθει,
669 306 735 345 καί
754 321 821 356 μιν
847 304 1073 356 προσέειπε·
1328 310 1389 349 585

76 372 285 418 ’ἐτέτλαθα
311 375 433 424 μῆτερ
457 371 542 423 ἐμή,
571 372 632 412 καὶ
658 370 832 424 ἀνάσχεο
858 370 1048 422 κηδομένη
1074 388 1160 423 περ,

73 439 124 492 μή
149 456 196 480 σε
221 440 344 492 φίλην
369 455 441 490 περ
466 440 612 478 ἐοῦσαν
637 440 678 478 ἐν
703 439 974 490 ὀφθαλμοῖσιν
998 438 1140 488 ἴδωμαι

73 505 309 557 θεινομένην,
336 505 425 546 τότε
449 505 482 545 δ’
510 505 553 545 οὔ
578 521 615 545 τι
639 503 855 555 δυνήσομαι
879 503 1096 557 ἀχνύμενός
1120 520 1192 555 περ

72 575 294 626 χραισμεῖν·
334 571 532 624 ἀργαλέος
556 573 631 624 γὰρ
655 571 876 621 Ὀλύμπιος
901 569 1196 622 ἀντιφέρεσθαι·

73 639 145 690 ἤδη
168 637 242 691 γάρ
265 655 313 689 με
340 639 402 679 καὶ
427 637 564 678 ἄλλοτ’
591 635 823 687 ἀλεξέμεναι
847 641 1033 687 μεμαῶτα
1329 650 1392 681 590

46 759 48 761 ¹
71 707 167 758 ῥῖψε
190 705 308 748 ποδὸς
333 705 506 758 τεταγὼν
531 703 607 745 ἀπὸ
631 707 761 755 βηλοῦ
786 704 1029 749 θεσπεσίοιο,

73 775 149 812 πᾶν
175 771 207 812 δ’
234 771 334 824 ἦμαρ
361 772 551 824 φερόμην,
579 771 657 821 ἄμα
682 769 714 809 δ’
739 770 857 824 ἠελίῳ
885 770 1090 810 καταδύντι

74 839 278 880 κάππεσον
302 840 344 879 ἐν
369 837 527 892 Λήμνῳ,
554 838 688 889 ὀλίγος
714 836 746 876 δ’
772 837 828 877 ἔτι
854 836 972 887 θυμὸς
996 838 1120 886 ἐνῆεν·

73 906 166 946 ἔνθα
190 922 240 956 με
265 906 415 947 Σίντιες
441 904 576 955 ἄνδρες
601 903 710 956 ἄφαρ
736 904 950 953 κομίσαντο
975 901 1190 943 πεσόντα.”

134 971 213 1014 ὸΩς
237 971 353 1024 φάτο,
378 973 564 1022 μείδησεν
589 972 629 1011 δὲ
654 971 723 1010 θεὰ
747 969 988 1011 λευκώλενος
1006 968 1125 1022 ‘'Hpq,
1332 981 1392 1012 595

73 1037 299 1090 μειδήσασα
323 1040 363 1078 δὲ
389 1037 525 1079 παιδὸς
549 1036 709 1087 ἐδέξατο
733 1037 835 1089 χειρὶ
862 1036 1071 1076 κύπελλον·

75 1105 193 1157 αὐτὰρ
219 1105 239 1144 ὁ
263 1109 344 1146 τοῖς
369 1104 532 1144 ἄλλοισι
557 1106 659 1144 θεοῖς
685 1101 836 1152 ἐνδέξια
859 1104 982 1142 πᾶσιν

75 1172 245 1224 οἰνοχόει
269 1171 391 1223 γλυκὺ
416 1170 554 1221 νέκταρ
579 1168 655 1209 ἀπὸ
681 1171 867 1220 κρητῆρος
892 1169 1101 1220 ἀφύσσων·

77 1237 277 1289 ἄσβεστος
301 1236 333 1277 δ’
359 1236 418 1288 ἄρ’
445 1237 587 1287 ἐνῶρτο
611 1234 739 1287 γέλως
762 1233 986 1286 μακάρεσσι
1013 1237 1175 1280 θεοῖσιν,

77 1304 127 1346 ὡς
150 1305 233 1344 ἴδον
249 1302 484 1356 ”Ηφαιστον
510 1304 572 1342 διὰ
597 1302 755 1352 δώματα
779 1301 1032 1342 ποιπνύοντα.
1331 1304 1395 1335 600

136 1369 215 1412 ΔΩς
238 1370 327 1410 τότε
349 1372 421 1421 μὲν
446 1369 601 1422 πρόπαν
626 1367 729 1419 ἦμαρ
754 1369 793 1409 ἐς
818 1367 952 1417 ἠέλιον
978 1367 1195 1408 καταδύντα

76 1436 253 1483 δαίνυντ’,
280 1435 368 1477 οὐδέ
391 1453 428 1476 τι
453 1435 570 1486 θυμὸς
595 1435 746 1475 ἐδεύετο
772 1434 900 1476 δαιτὸς
925 1434 1048 1484 ἐΐσης,

77 1503 121 1544 οὐ
143 1505 214 1554 μὲν
239 1503 458 1555 φόρμιγγος
483 1501 754 1554 περικαλλέος,
780 1500 828 1550 ἢν
853 1500 912 1553 ἔχ’
937 1500 1162 1545 Ἀπόλλων,

78 1569 277 1610 Μουσάων
302 1569 350 1615 θ’,
377 1570 415 1609 αἳ
439 1569 569 1609 ἄειδον
596 1568 855 1618 ἀμειβόμεναι
879 1567 946 1607 ὀπὶ
973 1572 1084 1623 καλῇ.

111 1673 114 1676 .
144 1637 276 1687 Αὐτὰρ
303 1636 385 1676 ἐπεὶ
411 1635 549 1675 κατέδυ
573 1634 755 1685 λαμπρὸν
780 1633 881 1685 φάος
905 1633 1067 1683 ἠελίοιο,
1332 1635 1394 1674 605

77 1704 112 1743 οἱ
135 1705 207 1753 μὲν
234 1703 475 1743 κακκείοντες
500 1702 600 1752 ἔβαν
625 1700 776 1740 οἶκόνδε
801 1700 978 1745 ἕκαστος,

76 1769 144 1822 ἧχι
168 1768 320 1823 ἑκάστῳ
346 1772 453 1819 δῶμα
476 1767 705 1820 περικλυτὸς
730 1765 966 1819 ἀμφιγυήεις

71 1834 303 1888 “Ηφαιστος
327 1836 493 1885 ποίησεν
518 1835 662 1890 ἰδυίῃσι
686 1834 942 1885 πραπίδεσσι·

79 1903 176 1944 Ζεὺς
201 1904 241 1942 δὲ
265 1901 360 1953 πρὸς
386 1901 430 1942 ὃν
454 1901 574 1954 λέχος
598 1901 649 1951 ἤϊ’
675 1899 893 1950 Ὀλύμπιος
918 1897 1199 1952 ἀστεροπητής,

79 1968 172 2008 ἔνθα
195 1968 316 2020 πάρος
341 1968 492 2018 κοιμᾶθ’
518 1968 584 2008 ὅτε
607 1985 673 2018 μιν
698 1966 842 2019 γλυκὺς
864 1967 985 2008 ὕπνος
1010 1965 1147 2007 ἱκάνοι·
1333 1967 1396 1997 6ῐο

80 2033 172 2074 ἔνθα
196 2034 346 2076 καθεῦδ’
372 2033 539 2085 ἀναβάς,
566 2036 671 2086 παρὰ
696 2036 738 2074 δὲ
760 2033 1032 2086 χρυσόθρονος
1049 2031 1170 2084 ‘'Hpn.

121 2131 183 2169 585
206 2130 288 2171 χειρὶ
306 2127 481 2168 Aristoph.
503 2127 611 2166 Sosig.
634 2125 736 2157 Mass.
755 2125 812 2156 Ar.
833 2137 840 2156 z
864 2125 959 2166 χερσὶ
981 2125 1081 2155 codd.
1283 2133 1347 2163 593
1372 2127 1403 2156 ἐς

79 2174 203 2212 Λῆμνον
226 2183 256 2204 v.
277 2173 297 2202 l.
325 2177 393 2203 ant.
547 2171 611 2209 598
646 2168 787 2210 οἰνοχόει
815 2168 942 2199 Antim.
974 2167 1055 2198 Zen.
1088 2166 1264 2206 Aristoph.
1298 2168 1399 2198 Mass.

80 2216 194 2254 Argol.
213 2215 286 2255 Ar„
307 2214 382 2245 Bm²
398 2213 438 2244 Lss
450 2214 548 2255 (ὄν-);
579 2212 715 2254 ᾠνοχόει
738 2212 826 2250 vulg.
976 2212 1042 2241 600
1065 2210 1260 2242 ποιπνύοντα
1280 2210 1376 2240 codd.
1397 2221 1402 2239 :

81 2258 299 2290 ποιπνύσαντα
308 2258 366 2288 Ar.
386 2260 430 2295 (ai
442 2257 622 2290 waoaasch.
638 2255 682 2296 T)
769 2255 834 2285 606
859 2254 1062 2286 κακκείοντες
1073 2253 1189 2284 codd.:
1211 2254 1249 2291 δὴ
1263 2254 1403 2285 κείοντες

82 2301 139 2353 Af.
161 2302 405 2375 (αἱΖπᾶσ-αέῗεὴ.
419 2301 460 2342 Τ)
544 2297 697 2339 ἕκαστος]
716 2296 843 2330 νέεσθαι
862 2297 910 2327 M*
924 2295 986 2326 ΜΠ)
1001 2295 1056 2326 Ρ12
1070 2295 1117 2326 U³
1205 2298 1271 2334 609
1295 2298 1369 2337 πρὸς
1387 2298 1402 2327 ὓ

83 2351 182 2385 λεχος
226 2355 277 2375 en.
336 2359 341 2362 ·
