1660 2802
608 125 667 159 11.
741 118 995 156 ῙΛῙΑΔΟΣ
1042 119 1074 155 Α

243 223 462 273 Κεβριόνης
488 224 527 262 δὲ
552 225 689 274 Τρῶας
716 221 963 273 ὀρινομένους
988 222 1152 272 ἐνόησεν

167 287 330 339 ’Έκτορι
355 289 611 340 παρβεβαώς,
641 289 705 328 καί
727 305 794 338 μιν
820 288 915 340 πρὸς
939 291 1060 338 μῦθον
1087 288 1229 328 ἔειπεν·

176 353 370 407 ωΈκτορ,
398 359 467 395 νῶϊ
490 357 562 405 μὲν
589 354 716 395 ἐνθάδ’
744 354 956 405 ὁμιλέομεν
983 359 1204 395 Δαναοῖσιν

174 422 342 477 ἐσχατιῇ
367 420 557 471 πολέμοιο
583 421 791 474 δυσηχέος·
829 423 864 461 οἱ
891 423 931 461 δὲ
957 421 1002 471 δὴ
1029 421 1149 461 ἄλλοι

173 490 306 539 Τρῶες
331 488 526 539 ὀρίνονται
551 486 695 538 ἐπιμίξ,
723 488 836 528 ἵπποι
859 504 902 528 τε
929 488 990 528 καὶ
1016 487 1137 527 αὐτοί.
1436 500 1497 531 525

175 555 271 594 Αἴας
296 556 337 594 δὲ
365 553 516 594 κλονέει
540 554 811 604 Τελαμώνιος·
849 553 890 594 εὗ
915 553 958 594 δέ
981 571 1047 604 μιν
1072 554 1210 605 ἔγνων·

175 619 262 672 εὐρὺ
288 622 362 672 γὰρ
388 619 486 672 ἀμφ’
513 620 677 670 ὤμοισιν
704 620 787 673 ἔχει
814 619 948 660 σάκος·
987 621 1094 660 ἀλλὰ
1119 621 1182 660 καὶ
1205 619 1317 671 ἡμεῖς

176 686 273 726 κεῖσ’
300 687 441 727 ἵππους
465 703 507 727 τε
533 687 594 726 καὶ
620 685 706 738 ἅρμ’
735 686 928 737 ἰθύνομεν,
957 686 1050 726 ἔνθα
1074 686 1251 737 μάλιστα

176 755 315 803 ἱππῆες
340 754 452 802 πεζοί
473 770 515 793 τε
542 753 662 803 κακὴν
688 753 795 804 ἔριδα
820 753 1097 804 προβαλόντες

176 819 374 869 ἀλλήλους
398 819 596 864 ὀλέκουσι,
624 819 702 869 βοὴ
729 819 762 858 δ’
789 819 993 870 ἄσβεστος
1021 819 1205 872 ὄρωρεν.”
1438 831 1502 863 530

236 885 314 928 ‘¹525
341 886 414 938 ἄρα
439 885 632 939 φωνήσας
656 887 799 936 ἵμασεν
827 886 1086 939 καλλίτριχας
1111 887 1252 928 ἵππους

175 952 339 1004 μάστιγι
363 958 516 1009 λιγυρῇ·
555 954 614 993 τοὶ
640 955 681 993 δὲ
707 955 861 1004 πληγῆς
887 952 1038 994 ἀίοντες

174 1019 286 1071 ῥίμφ’
312 1019 456 1071 ἔφερον
481 1019 574 1059 θοὸν
599 1018 702 1070 ἅρμα
725 1021 823 1070 μετὰ
847 1022 984 1071 Τρῶας
1009 1020 1071 1059 καὶ
1100 1018 1301 1072 Ἀχαιούς,

176 1087 406 1136 στείβοντες
431 1084 568 1128 νέκυάς
593 1102 635 1126 τε
662 1086 723 1125 καὶ
749 1086 931 1128 ἀσπίδας·
969 1086 1103 1136 αἵματι
1130 1085 1163 1125 δ’
1188 1085 1212 1125 ἄ
1239 1101 1293 1125 ων

175 1152 309 1204 νέρθεν
335 1152 437 1194 ἅπας
461 1151 689 1192 πεπάλακτο
716 1153 778 1193 καὶ
803 1152 965 1204 ἄντυγες
990 1153 1029 1192 αἳ
1055 1152 1143 1204 περὶ
1170 1152 1325 1204 δίφρον,
1439 1163 1500 1194 535

175 1219 220 1260 ἃς
245 1218 304 1270 ἄρ’
331 1218 401 1271 ἀφ’
429 1220 593 1259 ἱππείων
619 1219 773 1259 ὁπλέων
797 1218 1038 1271 ῥαθάμιγγες
1064 1219 1244 1269 ἔβαλλον

176 1286 218 1325 (ιῖ
239 1284 272 1324 τ’
298 1285 362 1326 ἀπ’
388 1285 659 1337 ἐπισσώτρων.
733 1286 753 1324 ὁ
779 1287 819 1325 δὲ
845 1287 924 1326 ἵετο
950 1288 1060 1325 δῦναι
1084 1285 1223 1335 ὅμιλον

177 1352 390 1403 ἀνδρόμεον
413 1350 530 1403 ῥῆξαί
552 1368 595 1392 τε
619 1351 872 1403 μετάλμενος·
915 1354 956 1392 ἐν
982 1353 1023 1392 δὲ
1049 1350 1230 1402 κυδοιμὸν

176 1417 244 1468 ἧκε
270 1418 387 1458 κακὸν
415 1421 623 1463 Δαναοῖσι,
649 1419 815 1468 μίνυνθα
839 1420 879 1458 δὲ
905 1417 1047 1470 χάζετο
1072 1418 1219 1469 δουρός.

177 1485 298 1535 αὐτὰρ
325 1486 344 1524 ὁ
369 1488 445 1525 τῶν
471 1484 605 1524 ἄλλων
631 1485 873 1525 ἐπεπωλεῖτο
901 1486 1044 1537 στίχας
1069 1484 1219 1535 ἀνδρῶν
1440 1495 1503 1526 540

176 1551 290 1604 ἔγχεΐ
311 1551 344 1591 τ’
369 1551 460 1603 ἄορί
481 1568 521 1591 τε
545 1550 762 1602 μεγάλοισί
783 1568 825 1591 τε
849 1551 1136 1604 χερμαδίοισιν,

178 1619 344 1659 Αἴαντος
368 1617 400 1657 δ’
425 1616 578 1658 ἀλέεινε
603 1617 734 1670 μάχην
759 1616 1080 1668 Τελαμωνιάδαο.
1439 1629 1501 1659 542

244 1684 341 1726 Ζεὺς
365 1686 407 1725 δὲ
433 1683 558 1736 πατὴρ
585 1683 721 1724 Αἴανθ’
747 1685 938 1736 ὑψίζυγος
963 1685 1004 1724 ἐν
1031 1684 1164 1735 φόβον
1189 1680 1306 1735 ὦρσε·
1440 1695 1502 1725 544

177 1752 251 1800 στῆ
276 1753 318 1790 δὲ
342 1751 492 1802 ταφών,
520 1752 655 1790 ὄπιθεν
680 1752 721 1790 δὲ
748 1750 868 1793 σάκος
895 1750 1025 1802 βάλεν
1051 1750 1300 1800 ἑπταβόειον,
1438 1761 1501 1793 545

175 1817 321 1869 τρέσσε
346 1819 387 1857 δὲ
411 1817 616 1867 παπτήνας
641 1817 704 1869 ἐφ’
731 1818 880 1868 ὁμίλου,
909 1818 996 1868 θηρὶ
1023 1817 1168 1862 ἐοικώς,

177 1884 563 1936 ἐντροπαλιζόμενος,
591 1884 729 1936 ὀλίγον
755 1885 850 1936 γόνυ
876 1883 1015 1936 γουνὸς
1041 1883 1231 1934 ἀμείβων.

177 1950 227 1991 ὡς
252 1950 284 1990 δ’
310 1951 456 1990 αἴθωνα
480 1950 624 1990 λέοντα
648 1954 757 2001 βοῶν
784 1950 861 1991 ἀπὸ
885 1950 1134 2001 μεσσαύλοιο

216 2054 278 2083 525
303 2050 434 2085 Τρωεσσ
451 2068 457 2074 .
476 2069 482 2075 .
500 2068 507 2074 .
527 2044 571 2092 p*
672 2045 777 2086 αὐτοί]
797 2070 803 2076 .
827 2049 914 2087 νδρες
930 2045 990 2094 p²⁵
1008 2059 1015 2078 ι
1040 2048 1148 2089 ἄνδρες
1166 2046 1205 2077 P¹
1218 2046 1272 2077 Ρ11
1284 2060 1333 2089 γρ.
1355 2046 1414 2078 U¹⁰

173 2089 238 2126 528
261 2090 336 2119 κεῖθ’
353 2087 433 2118 Zen.
453 2086 498 2134 123
663 2101 699 2119 τε
716 2099 781 2120 om.
803 2093 828 2119 h
845 2089 886 2120 al.
1046 2090 1158 2129 ἅρματ’
1174 2095 1226 2121 bc
1238 2095 1389 2128 dg'koq
1401 2091 1478 2123 Cal.
1493 2105 1500 2124 :

176 2131 257 2172 ἅρμα
272 2141 298 2161 n
311 2130 355 2160 Ul
374 2130 414 2161 al.
551 2141 611 2170 pro
630 2141 781 2170 529—530
808 2144 911 2174 κουροι
925 2146 944 2164 τ
962 2158 969 2164 .
991 2156 998 2164 .
1023 2133 1076 2181 p*
1209 2143 1269 2173 537
1296 2135 1503 2177 ὀπισσῶτρων

174 2184 203 2204 ν.
219 2175 238 2205 1.
255 2178 324 2205 ant.
344 2174 373 2204 T
513 2176 577 2213 538
599 2188 637 2206 τε
655 2174 712 2205 Ar.
732 2175 830 2206 codd.
848 2187 854 2205 :
879 2175 912 2207 δὲ
930 2186 959 2207 v.
976 2176 996 2206 l.
1017 2181 1085 2208 ant.
1103 2176 1133 2207 A
1153 2187 1195 2207 ss.
1331 2187 1394 2217 539
1418 2180 1503 2220 δουρί

174 2218 233 2248 ΑΓ.
266 2221 321 2248 ch
467 2226 529 2256 543
563 2219 636 2250 Ζεὺς
662 2218 723 2259 ’γάρ
753 2220 781 2250 οἱ
811 2219 990 2259 νεμέσασχ’
1017 2221 1065 2251 ὅτ’
1092 2221 1230 2259 ἀμείνονι
1258 2223 1337 2261 φωτὶ
1365 2222 1502 2261 μάχοιτο

176 2262 254 2299 (om.
273 2261 389 2300 codd.)
407 2260 463 2291 cit.
481 2260 585 2292 Arist.
610 2261 712 2292 Rhet.
735 2263 815 2300 1387
834 2272 852 2291 a
869 2273 922 2301 34.
947 2263 1031 2293 Plut.
1051 2264 1092 2293 de
1116 2265 1191 2293 aud.
1210 2269 1297 2303 poet.
1319 2275 1357 2302 24
1378 2275 1404 2302 c,
1425 2266 1467 2303 36
1483 2275 1501 2294 a

175 2304 337 2343 (νεμεσῖἰ),
359 2305 415 2335 vit.
438 2304 535 2334 Hom.
558 2305 588 2334 ii.
614 2315 672 2344 132
693 2305 873 2345 (νεμεσᾶθ’)
999 2317 1061 2345 545
1087 2317 1151 2338 om.
1170 2311 1184 2337 i
1273 2307 1386 2344 βάλετ’
1405 2308 1445 2337 L³²
1462 2308 1501 2338 L⁴

177 2346 327 2377 U1⁰V¹¹²z
362 2347 464 2384 βάλεν
489 2347 586 2380 σάκος
615 2359 664 2379 er
680 2347 733 2377 L¹⁷
745 2348 805 2378 V‘·''-¹
986 2352 1049 2387 546
1083 2350 1147 2391 ἐφ’]
1174 2353 1211 2382 δι’
1237 2350 1410 2390 Aristoph.

175 2391 323 2430 548-557
349 2391 415 2422 ath.
435 2390 515 2421 Zen.
