1660 2802
627 103 662 137 9.
736 98 996 136 ΙΛΙΑΔΟΣ
1046 100 1062 136 Ι

183 200 384 253 Τρωϊάδας
409 203 451 241 δὲ
476 204 661 253 γυναῖκας
686 202 856 242 ἐείκοσιν
882 200 997 243 αὐτὸς
1023 201 1198 249 ἑλέσθαι,

183 269 225 308 αἵ
247 285 289 308 κε
313 267 394 318 μετ’
419 267 602 319 Ἀργείην
626 266 796 317 Ἑλένην
822 266 1036 308 κάλλισται
1060 268 1192 310 ἔωσιν.

182 335 215 374 εἰ
240 333 282 374 δέ
307 351 372 374 κεν
393 332 539 386 ’Άργος
565 333 725 384 ἱκοίμεθ’
750 333 967 387 Ἀχαιϊκόν,
995 335 1113 387 οὖθαρ
1139 336 1316 389 ἀρούρης,

180 400 361 452 γαμβρός
387 399 453 440 κέν
478 402 513 440 οἱ
540 401 629 441 ἔοις·
668 400 792 441 τείσει
816 400 859 441 δέ
883 418 931 441 σε
954 401 1046 442 ἶσον
1071 401 1257 459 Ὀρέστῃ,

181 467 222 508 ὅς
248 468 282 506 οἱ
307 467 520 518 τηλύγετος
545 466 729 518 τρέφεται
755 467 872 523 θαλίῃ
898 467 954 507 ἔνι
980 473 1128 525 πολλῇ.
1440 475 1500 514 285

180 536 282 584 τρεῖς
307 532 349 573 δέ
373 534 413 575 οἵ
435 534 513 573 εἰσι
539 533 726 585 θύγατρες
752 535 808 574 ἐνὶ
832 533 989 588 μεγάρῳ
1015 534 1205 590 εὐπήκτῳ,

180 599 427 650 Χρυσόθεμις
454 601 515 639 καὶ
540 600 710 650 Λαοδίκη
738 600 800 640 καὶ
823 599 1078 653 Ἰφιάνασσα,

179 664 281 705 τάων
307 666 353 715 ἥν
380 665 411 705 κ’
436 665 635 722 ἐθέλῃσθα
660 667 784 718 φίλην
811 665 999 708 ἀνάεδνον
1023 667 1192 720 ἄγεσθαι

177 731 273 783 πρὸς
298 732 404 772 οἶκον
430 735 606 782 Πηλῆος·
645 733 665 772 ὁ
690 732 721 773 δ’
748 731 828 773 αὖτ’
855 734 917 773 ἐπὶ
941 735 1075 784 μείλια
1099 735 1220 776 δώσει

177 799 310 837 πολλὰ
335 797 440 848 μάλ’,
468 798 558 838 ὅσσ’
584 798 628 838 οὔ
654 799 713 839 πώ
739 816 796 841 τις
821 801 865 855 ἑῇ
891 799 1060 840 ἐπέδωκε
1086 802 1258 853 θυγατρί·
1437 815 1499 846 290

178 862 275 904 ἑπτὰ
300 864 342 904 δέ
366 881 425 904 τοι
451 864 571 905 δώσει
598 865 638 906 εὖ
663 866 848 916 ναιόμενα
873 868 1097 918 πτολίεθρα,

179 930 441 982 Καρδαμύλην
466 929 640 980 Ἐνόπην
665 947 707 971 τε
734 933 796 971 καὶ
821 931 924 983 Ἱρὴν
949 931 1170 982 ποιήεσσαν

177 996 311 1048 Φηράς
336 1014 377 1037 τε
405 995 543 1046 ζαθέας
566 996 625 1046 ἠδ’
645 996 834 1038 ’Ἄνθειαν
857 998 1116 1049 βαθύλειμον,

177 1062 301 1114 καλήν
326 1062 357 1102 τ’
384 1063 548 1102 Αἴπειαν
576 1063 637 1102 καὶ
664 1061 855 1112 Πήδασον
881 1064 1177 1114 ἀμπελόεσσαν.

175 1132 300 1169 πᾶσαι
326 1128 358 1168 δ’
383 1129 501 1180 ἐγγὺς
526 1129 632 1173 ἁλός,
660 1128 794 1169 νέαται
821 1130 955 1170 Πύλου
981 1130 1233 1181 ἠμαθόεντος·
1436 1148 1495 1180 295

174 1196 217 1235 ἐν
243 1195 274 1235 δ’
300 1194 436 1246 ἄνδρες
461 1195 616 1235 ναίουσι
642 1195 882 1247 πολύρρηνες
908 1200 1165 1247 πολυβοῦται,

175 1262 214 1301 οἵ
237 1260 277 1300 κέ
303 1278 348 1301 σε
376 1262 563 1316 δωτίνῃσι
590 1260 678 1300 θεὸν
703 1261 754 1303 ὣς
778 1260 990 1312 τιμήσουσι

175 1328 240 1367 καί
261 1344 322 1367 τοι
346 1326 419 1367 ὑπὸ
446 1325 631 1381 σκήπτρῳ
657 1329 826 1379 λιπαρὰς
850 1328 1031 1369 τελέουσι
1057 1329 1256 1381 θέμιστας.

173 1391 292 1434 ταῦτά
317 1393 358 1434 κε’
382 1410 441 1433 τοι
465 1392 643 1434 τελέσειε
666 1393 961 1444 μεταλλήξαντι
985 1397 1136 1448 χόλοιο.

174 1462 207 1501 εἰ
233 1459 274 1500 δέ
297 1477 357 1500 τοι
381 1459 582 1512 Ἀτρεΐδης
606 1462 677 1510 μὲν
703 1459 904 1514 ἀπήχθετο
929 1462 1064 1513 κηρόθι
1087 1465 1256 1513 μᾶλλον,
1435 1478 1496 1509 300

173 1526 287 1568 αὐτὸς
313 1527 374 1566 καὶ
399 1530 466 1566 τοῦ
490 1529 605 1578 δῶρα,
633 1526 682 1566 σὺ
708 1527 740 1566 δ’
765 1526 913 1569 ἄλλους
936 1544 1008 1580 περ
1034 1530 1288 1586 Παναχαιοὺς

172 1592 417 1644 τειρομένους
441 1592 595 1644 ἐλέαιρε
622 1594 718 1633 κατὰ
744 1595 926 1645 στρατόν,
954 1595 994 1634 οἵ
1016 1612 1065 1636 σε
1089 1595 1178 1636 θεὸν
1204 1597 1255 1638 ὣς

171 1659 357 1700 τείσουσ’·
396 1658 419 1710 ἦ
444 1659 519 1711 γάρ
545 1659 586 1700 κέ
611 1665 687 1712 σφι
710 1659 819 1711 μάλα
841 1660 944 1713 μέγα
969 1665 1080 1704 κῦδος
1105 1662 1226 1714 ἄροιο.

171 1730 240 1766 νῦν
265 1725 339 1778 γάρ
364 1725 401 1779 χ’
420 1725 578 1778 ι’Ἕκτορ’
605 1726 722 1773 ἕλοις,
751 1727 835 1767 ἐπεὶ
860 1727 907 1768 ἂν
932 1727 1041 1778 μάλα
1064 1745 1124 1769 τοι
1150 1729 1298 1783 σχεδὸν
1323 1730 1433 1771 ἔλθοι

171 1793 329 1833 λύσσαν
355 1793 460 1846 ἔχων
485 1792 617 1843 ὀλοήν,
645 1794 730 1834 ἐπεὶ
755 1794 798 1834 οὕ
824 1792 910 1834 τινά
936 1799 1063 1846 φησιν
1089 1796 1224 1847 ὁμοῖον
1430 1810 1490 1842 305

170 1860 210 1900 οἳ
232 1860 366 1910 ἔμεναι
392 1863 572 1905 Δαναῶν,
600 1860 665 1902 οὓς
691 1860 829 1901 ἐνθάδε
853 1864 944 1912 νῆες
969 1862 1159 1903 ἕνεικαν.”

236 1926 316 1966 Τὸν
343 1926 374 1966 δ’
401 1927 718 1977 ἀπαμειβόμενος
744 1927 927 1980 προσέφη
955 1930 1077 1970 πόδας
1103 1929 1201 1972 ὠκὺς
1225 1929 1450 1984 Ἀχιλλεύς·

173 1995 196 2010 “
215 1994 387 2045 διογενὲς
411 1993 644 2044 Λαερτιάδη,
671 1994 918 2048 πολυμήχαν’
944 1994 1156 2042 Ὀδυσσεῦ,

169 2060 244 2113 χρὴ
268 2061 339 2110 μὲν
365 2059 410 2109 δὴ
438 2059 503 2100 τὸν
527 2063 648 2110 μῦθον
674 2061 903 2113 ἀπηλεγέως
928 2062 1144 2108 ἀποειπεῖν,

167 2124 192 2183 ᾗ
216 2143 287 2177 περ
311 2126 355 2175 δὴ
383 2126 537 2178 φρονέω
563 2144 604 2167 τε
631 2128 692 2166 καὶ
718 2128 768 2169 ὡς
792 2128 1076 2178 τετελεσμένον
1101 2129 1225 2175 ἔσται,
1429 2143 1492 2174 310

211 2222 271 2251 281
300 2221 421 2253 ἑλέσθω
439 2233 457 2253 e
473 2222 518 2252 U6
531 2222 573 2252 Vl
585 2221 643 2253 V13
661 2222 701 2254 al.
805 2233 866 2261 295
893 2223 1005 2256 κέαται
1022 2227 1037 2254 i
1054 2224 1110 2263 (cf.
1131 2226 1204 2264 153)
1313 2234 1376 2264 297
1402 2226 1495 2264 τιμή·

168 2276 279 2296 σονται
297 2263 354 2295 ΑΓ.
376 2269 401 2295 h
413 2265 473 2295 V³²
490 2277 495 2295 :
520 2266 679 2305 τιμήσωσι
697 2266 727 2296 Α
742 2265 796 2296 Ρ12
810 2266 857 2296 Ul
875 2277 961 2297 corr.
982 2267 1037 2305 (cs.
1061 2268 1133 2306 155)
1294 2277 1358 2307 305
1385 2268 1494 2308 ἔχοντ’

167 2311 217 2337 hi
231 2306 292 2337 Μ10
418 2319 482 2347 3ῐο
507 2310 612 2350 ὥσπερ
631 2309 726 2340 Plato
746 2309 849 2349 Hipp.
872 2311 951 2341 min.
971 2312 1034 2350 365
1052 2321 1081 2349 a,
1103 2310 1153 2341 M8
1294 2312 1416 2353 φρονέω
1432 2311 1492 2344 Ar.

166 2354 188 2380 b
199 2360 217 2381 c
230 2362 249 2381 e
261 2354 374 2387 ghiq
389 2352 430 2381 al.
447 2363 453 2380 ε
480 2352 598 2393 κρανέω
617 2353 710 2382 Plato
731 2353 837 2392 Hipp.
859 2353 940 2384 min.
959 2355 1022 2393 365
1032 2365 1062 2393 a,
1077 2354 1166 2394 vulg.
1259 2354 1493 2395 τετελεσμένον

167 2394 239 2425 ἐστί
255 2404 275 2425 0
290 2394 334 2424 Ν4
346 2393 389 2424 V9
402 2393 460 2425 Vae
480 2407 485 2424 z
511 2395 680 2428 τελέεσθαι
698 2396 751 2429 ὀΐω
767 2396 864 2428 Plato
882 2396 902 2428 l.
915 2407 938 2428 c,
