1629 2828
570 144 605 177 4.
679 138 936 175 ΙᾹΙΑΔΟΣ
987 141 1020 175 Δ

141 245 165 261 “
182 242 364 294 Ἀργεῖοι,
390 239 443 292 μή
468 240 526 281 πώ
551 257 587 281 τι
611 241 764 291 μεθίετε
788 240 963 291 θούριδος
987 240 1122 289 ἀλκῆς’

139 310 184 350 οὐ
206 310 281 360 γὰρ
306 306 370 348 ἐπὶ
393 306 594 359 ψευδέσσι
618 306 745 358 πατὴρ
770 305 868 347 Ζεὺς
892 305 1026 345 ἔσσετ’
1050 306 1214 357 ἀρωγός,

139 373 228 416 ἀλλ’
253 375 293 414 οἵ
312 390 385 425 περ
408 373 590 425 πρότεροι
612 373 709 425 ὑπὲρ
733 373 843 424 ὅρκια
867 370 1106 421 δηλήσαντο,

138 445 215 481 τῶν
238 439 324 491 ἤτοι
348 439 475 480 αὐτῶν
499 438 636 491 τέρενα
660 439 762 492 χρόα
785 441 906 490 γῦπες
930 437 1095 483 ἔδονται,

138 507 249 558 ἡμεῖς
273 505 355 546 αὖτ’
382 505 552 558 ἀλόχους
575 522 619 546 τε
643 505 765 557 φίλας
790 505 852 545 καὶ
877 503 996 554 νήπια
1019 503 1136 543 τέκνα

140 572 281 624 ἄξομεν
305 573 347 612 ἐν
372 570 549 622 νήεσσιν,
578 571 675 621 ἐπὴν
700 572 931 622 πτολίεθρον
956 568 1147 620 ἕλωμεν.”

205 640 287 680 Οὕς
311 654 419 680 τινας
443 637 490 678 αὗ
514 636 719 689 μεθιέντας
743 639 819 677 ἴδοι
843 640 1033 688 στυγεροῦ
1058 635 1259 687 πολέμοιο,

141 706 229 747 τοὺς
251 704 358 756 μάλα
383 705 594 745 νεικείεσκε
620 707 860 757 χολωτοῖσιν
886 702 1087 744 ἐπέεσσιν·

144 774 169 790 “
184 771 357 824 Ἀργεῖοι
382 771 553 822 ἰόμωροι,
582 769 779 823 ἐλεγχέες,
806 770 850 810 οὔ
876 786 920 810 νυ
945 768 1141 819 σέβεσθε

141 837 248 890 τίφθ’
273 838 394 879 οὕτως
419 837 559 887 ἔστητε
584 837 797 886 τεθηπότες
821 835 912 886 ἠΰτε
936 836 1084 887 νεβροί,

143 905 185 945 αἵ
204 904 237 944 τ’
263 904 347 944 ἐπεὶ
372 903 439 943 οὖν
464 904 607 954 ἔκαμον
632 902 777 944 πολέος
801 903 949 943 πεδίοιο
975 901 1148 946 θέουσαι,

143 970 294 1016 ἑστᾶσ’,
321 970 399 1010 οὐδ’
424 969 498 1021 ἄρα
521 970 580 1011 τίς
606 974 683 1021 σφι
706 970 802 1019 μετὰ
829 968 949 1021 φρεσὶ
973 969 1151 1019 γίγνεται
1177 965 1290 1015 ἀλκή·

143 1038 194 1079 ὣς
218 1038 325 1088 ὑμεῖς
351 1036 492 1086 ἔστητε
515 1036 739 1086 τεθηπότες,
767 1035 855 1074 οὐδὲ
879 1033 1070 1087 μάχεσθε.

143 1103 166 1154 ἧ
190 1102 327 1154 μένετε
350 1105 488 1154 Τρῶας
513 1101 660 1155 σχεδὸν
686 1101 862 1151 ἐλθέμεν,
889 1100 982 1140 ἔνθα
1007 1117 1048 1139 τε
1073 1101 1162 1149 νῆες

145 1168 285 1222 εἰρύατ’
313 1169 533 1220 εὔπρυμνοι,
559 1170 701 1217 πολιῆς
726 1167 789 1207 ἐπὶ
815 1167 890 1206 θινὶ
917 1165 1138 1215 θαλάσσης,

146 1237 249 1288 ὄφρα
272 1234 369 1285 ἴδητ’
395 1235 437 1274 αἵ
460 1233 492 1273 κ’
516 1234 636 1284 ὔμμιν
660 1232 841 1288 ὑπέρσχῃ
866 1236 978 1286 χεῖρα
1004 1232 1199 1283 Κρονίων;
1218 1230 1239 1244 ”

205 1299 284 1344 ΔΩς
309 1302 330 1340 ὅ
354 1318 400 1352 γε
427 1299 635 1352 κοιρανέων
658 1301 902 1340 ἐπεπωλεῖτο
928 1298 1069 1351 στίχας
1095 1298 1258 1348 ἀνδρῶν·

145 1367 242 1418 ἦλθε
265 1367 298 1407 δ’
325 1367 388 1408 ἐπὶ
413 1365 615 1418 Κρήτεσσι
641 1366 732 1406 κιὼν
758 1366 831 1405 ἀνὰ
855 1363 1029 1415 οὐλαμὸν
1055 1365 1215 1415 ἀνδρῶν.

147 1436 182 1474 οἱ
208 1433 240 1474 δ’
266 1432 364 1485 ἀμφ’
389 1432 594 1484 Ἰδομενῆα
619 1431 812 1483 δαΐφρονα
838 1430 1107 1481 θωρήσσοντο·

147 1499 362 1551 Ἰδομενεὺς
385 1501 457 1550 μὲν
484 1499 541 1538 ἐνὶ
565 1497 796 1551 προμάχοις,
824 1497 890 1537 συῒ
915 1499 1063 1538 εἴκελος
1088 1494 1224 1545 ἀλκήν,

149 1567 349 1618 Μηριόνης
374 1565 406 1605 δ’
432 1565 506 1617 ἄρα
530 1566 566 1604 οἱ
590 1563 766 1615 πυμάτας
790 1564 933 1614 ὤτρυνε
959 1562 1184 1615 φάλαγγας.

147 1633 236 1675 τοὺς
261 1635 302 1673 δὲ
328 1633 419 1673 ἰδὼν
445 1630 621 1683 γήθησεν
647 1629 748 1680 ἄναξ
769 1631 918 1681 ἀνδρῶν
946 1628 1217 1680 Ἀγαμέμνων,

148 1699 285 1740 αὐτίκα
309 1698 341 1739 δ’
367 1699 571 1749 Ἰδομενῆα
594 1697 798 1749 προσηύδα
821 1696 1093 1748 μειλιχίοισιν·

151 1768 175 1783 “
191 1765 398 1816 Ἰδομενεῦ,
426 1765 513 1816 περὶ
536 1764 608 1815 μέν
634 1780 682 1804 σε
705 1764 773 1803 τίω
800 1765 967 1802 Δαναῶν
991 1760 1235 1813 ταχυπώλων

149 1832 246 1883 ἠμὲν
272 1832 330 1872 ε’νὶ
354 1830 537 1885 πτολέμῳ
563 1830 622 1880 ἠδ’
648 1830 796 1883 ἀλλοίῳ
822 1829 885 1868 ἐπὶ
911 1828 1010 1881 ἔργῳ

150 1898 209 1948 ἠδ’
236 1900 279 1939 ἐν
303 1897 415 1943 δαίθ’,
443 1898 508 1937 ὅτε
533 1896 604 1947 πέρ
628 1913 669 1936 τε
694 1895 900 1947 γερούσιον
926 1895 1069 1933 αἴθοπα
1095 1892 1200 1932 οἶνον

153 1964 341 2016 Ἀργείων
365 1966 399 2004 οἱ
424 1963 579 2015 ἄριστοι
605 1963 663 2002 ε’νὶ
689 1963 846 2013 κρητῆρι
872 1960 1068 2011 κέρωνται.

154 2032 189 2070 εἴ
213 2047 285 2082 περ
309 2029 383 2082 γάρ
408 2029 441 2068 τ’
466 2029 584 2069 ἄλλοι
609 2046 655 2080 γε
681 2027 775 2079 κάρη
803 2027 1019 2077 κομόωντες
1042 2025 1200 2077 Ἀχαιοὶ

154 2096 308 2148 δαιτρὸν
332 2096 513 2140 πίνωσιν,
541 2095 613 2135 σὸν
638 2096 679 2134 δὲ
704 2096 843 2134 πλεῖον
867 2092 986 2133 δέπας
1011 2092 1085 2130 αἰεὶ

155 2161 306 2215 ἕστηχ’,
333 2162 384 2203 ὥς
408 2178 481 2212 περ
506 2162 603 2210 ἐμοί,
631 2159 755 2200 πιέειν
780 2160 843 2198 ὅτε
871 2156 988 2207 θυμὸς
1013 2156 1170 2207 ἀνώγοι.

1395 649 1459 678 240

1404 1638 1465 1668 255

1408 1959 1470 1990 260

195 2255 257 2292 238
282 2254 349 2285 αὖτ’
367 2251 425 2283 Ar.
448 2251 518 2283 Ge:
544 2251 571 2283 δ’
591 2251 658 2283 αὖτ’
676 2249 764 2288 vulg.
912 2257 974 2285 242
1001 2244 1157 2286 ἐλεγχέες
1174 2244 1232 2275 Ar.
1254 2244 1369 2275 codd:
1397 2243 1471 2275 sort.

155 2297 296 2338 ἐλέγχεα
311 2296 366 2335 (cs.
383 2300 405 2327 E
421 2296 498 2334 787)
587 2303 650 2333 245
672 2294 720 2325 τίς
733 2292 790 2324 Ar.
804 2292 890 2330 vulg.
911 2303 917 2321 :
942 2291 975 2321 τί
986 2294 1011 2320 h
1022 2299 1041 2319 ο
1053 2288 1079 2318 Β
1093 2288 1120 2318 Τ
1133 2287 1173 2318 al.
1265 2287 1329 2325 248
1351 2286 1473 2328 ἐρρύατ’

153 2340 203 2370 Ve
306 2349 370 2378 249
394 2340 428 2370 αἵ
441 2337 474 2378 χ’
488 2338 582 2377 ὕμμιν
598 2347 628 2368 V.
642 2336 663 2368 l.
682 2341 750 2367 ant.
772 2333 820 2366 MT
834 2334 879 2365 U³''
894 2332 939 2363 υἷ’
1046 2331 1108 2362 260
1132 2333 1262 2372 κρητῆρι
1280 2329 1336 2361 Ar.
1357 2334 1381 2360 h
1393 2328 1453 2360 V¹²
1468 2339 1475 2358 t

155 2384 308 2424 κρητῆρσι
325 2381 404 2420 vulg
411 2405 417 2411 .
