<?xml version="1.0" encoding="UTF-8"?>
<!DOCTYPE html PUBLIC "-//W3C//DTD XHTML 1.0 Transitional//EN"
    "http://www.w3.org/TR/xhtml1/DTD/xhtml1-transitional.dtd">
<html xmlns="http://www.w3.org/1999/xhtml" xml:lang="en" lang="en">
 <head>
  <title>
</title>
<meta http-equiv="Content-Type" content="text/html;charset=utf-8" />
  <meta name='ocr-system' content='tesseract 3.04.00' />
  <meta name='ocr-capabilities' content='ocr_page ocr_carea ocr_par ocr_line ocrx_word'/>
</head>
<body>
  <div class='ocr_page' id='page_1' title='image "./operarecognoveru01homeuoft_0202.png"; bbox 0 0 1660 2802; ppageno 0'>
   <div class='ocr_carea' id='block_1_1' title="bbox 664 111 1114 153">
    <p class='ocr_par' dir='ltr' id='par_1_1' title="bbox 664 111 1114 153">
     <span class='ocr_line' id='line_1_1' title="bbox 664 111 1114 153; baseline -0.011 0"><span class='ocrx_word' id='word_1_1' title='bbox 664 118 698 153; x_wconf 87' lang='lat'>8.</span> <span class='ocrx_word' id='word_1_2' title='bbox 771 111 1028 149; x_wconf 68' lang='grc' dir='ltr'><strong>ΙᾹΙΑΔΟΣ</strong></span> <span class='ocrx_word' id='word_1_3' title='bbox 1075 111 1114 149; x_wconf 89' lang='grc' dir='ltr'>Θ</span> 
     </span>
    </p>
   </div>
   <div class='ocr_carea' id='block_1_2' title="bbox 220 212 1554 1265">
    <p class='ocr_par' dir='ltr' id='par_1_2' title="bbox 220 212 1554 1265">
     <span class='ocr_line' id='line_1_2' title="bbox 288 212 1263 268; baseline -0.002 -12"><span class='ocrx_word' id='word_1_4' title='bbox 288 217 366 258; x_wconf 61' lang='lat'>”525</span> <span class='ocrx_word' id='word_1_5' title='bbox 392 216 508 268; x_wconf 87' lang='grc' dir='ltr'>φάτο,</span> <span class='ocrx_word' id='word_1_6' title='bbox 534 215 722 265; x_wconf 78' lang='grc' dir='ltr'>Τυδεΐδης</span> <span class='ocrx_word' id='word_1_7' title='bbox 747 217 788 255; x_wconf 83' lang='grc' dir='ltr'>δὲ</span> <span class='ocrx_word' id='word_1_8' title='bbox 814 213 994 267; x_wconf 93' lang='grc' dir='ltr'>διάνδιχα</span> <span class='ocrx_word' id='word_1_9' title='bbox 1018 212 1263 266; x_wconf 82' lang='grc' dir='ltr'>μερμήριξεν,</span> 
     </span>
     <span class='ocr_line' id='line_1_3' title="bbox 226 280 1269 335; baseline -0.004 -12"><span class='ocrx_word' id='word_1_10' title='bbox 226 285 364 325; x_wconf 85' lang='grc' dir='ltr'>ἵππους</span> <span class='ocrx_word' id='word_1_11' title='bbox 391 300 433 324; x_wconf 90' lang='grc' dir='ltr'>τε</span> <span class='ocrx_word' id='word_1_12' title='bbox 459 282 632 335; x_wconf 77' lang='grc' dir='ltr'>στρέψαι</span> <span class='ocrx_word' id='word_1_13' title='bbox 659 282 720 322; x_wconf 82' lang='grc' dir='ltr'>καὶ</span> <span class='ocrx_word' id='word_1_14' title='bbox 747 281 974 331; x_wconf 71' lang='grc' dir='ltr'>ἐναντίβιον</span> <span class='ocrx_word' id='word_1_15' title='bbox 998 280 1269 333; x_wconf 90' lang='grc' dir='ltr'>μαχέσασθαι.</span> 
     </span>
     <span class='ocr_line' id='line_1_4' title="bbox 226 346 1282 401; baseline -0.002 -13"><span class='ocrx_word' id='word_1_16' title='bbox 226 349 307 400; x_wconf 88' lang='grc' dir='ltr'>τρὶς</span> <span class='ocrx_word' id='word_1_17' title='bbox 331 351 403 399; x_wconf 80' lang='grc' dir='ltr'>μὲν</span> <span class='ocrx_word' id='word_1_18' title='bbox 427 347 637 401; x_wconf 79' lang='grc' dir='ltr'>μερμήριξε</span> <span class='ocrx_word' id='word_1_19' title='bbox 665 349 761 388; x_wconf 79' lang='grc' dir='ltr'>κατὰ</span> <span class='ocrx_word' id='word_1_20' title='bbox 787 346 913 399; x_wconf 86' lang='grc' dir='ltr'>φρένα</span> <span class='ocrx_word' id='word_1_21' title='bbox 940 347 1001 387; x_wconf 87' lang='grc' dir='ltr'>καὶ</span> <span class='ocrx_word' id='word_1_22' title='bbox 1027 348 1123 386; x_wconf 74' lang='grc' dir='ltr'>κατὰ</span> <span class='ocrx_word' id='word_1_23' title='bbox 1148 347 1282 397; x_wconf 89' lang='grc' dir='ltr'>θυμόν,</span> 
     </span>
     <span class='ocr_line' id='line_1_5' title="bbox 226 411 1550 467; baseline -0.001 -12.997"><span class='ocrx_word' id='word_1_24' title='bbox 226 417 307 467; x_wconf 85' lang='grc' dir='ltr'>τρὶς</span> <span class='ocrx_word' id='word_1_25' title='bbox 331 415 364 455; x_wconf 84' lang='grc' dir='ltr'>δ’</span> <span class='ocrx_word' id='word_1_26' title='bbox 391 415 448 466; x_wconf 79' lang='grc' dir='ltr'>ἄρ’</span> <span class='ocrx_word' id='word_1_27' title='bbox 477 415 544 455; x_wconf 83' lang='grc' dir='ltr'>ἀπ’</span> <span class='ocrx_word' id='word_1_28' title='bbox 570 414 722 455; x_wconf 84' lang='grc' dir='ltr'>Ἰδαίων</span> <span class='ocrx_word' id='word_1_29' title='bbox 751 413 872 466; x_wconf 88' lang='grc' dir='ltr'>ὀρέων</span> <span class='ocrx_word' id='word_1_30' title='bbox 899 413 1018 453; x_wconf 82' lang='grc' dir='ltr'>κτύπε</span> <span class='ocrx_word' id='word_1_31' title='bbox 1041 413 1204 463; x_wconf 86' lang='grc' dir='ltr'>μητίετα</span> <span class='ocrx_word' id='word_1_32' title='bbox 1229 411 1327 454; x_wconf 84' lang='grc' dir='ltr'>Ζεὺς</span> <span class='ocrx_word' id='word_1_33' title='bbox 1490 423 1550 453; x_wconf 91' lang='grc' dir='ltr'>Ῑ70</span> 
     </span>
     <span class='ocr_line' id='line_1_6' title="bbox 229 479 1247 533; baseline -0.001 -13"><span class='ocrx_word' id='word_1_34' title='bbox 229 499 335 532; x_wconf 84' lang='grc' dir='ltr'>σημα</span> <span class='ocrx_word' id='word_1_35' title='bbox 359 483 479 523; x_wconf 86' lang='grc' dir='ltr'>τιθεὶς</span> <span class='ocrx_word' id='word_1_36' title='bbox 503 482 701 533; x_wconf 84' lang='grc' dir='ltr'>Τρώεσσι,</span> <span class='ocrx_word' id='word_1_37' title='bbox 727 479 859 533; x_wconf 86' lang='grc' dir='ltr'>μάχης</span> <span class='ocrx_word' id='word_1_38' title='bbox 885 479 1099 531; x_wconf 81' lang='grc' dir='ltr'>ἑτεραλκέα</span> <span class='ocrx_word' id='word_1_39' title='bbox 1124 480 1247 529; x_wconf 85' lang='grc' dir='ltr'>νίκην.</span> 
     </span>
     <span class='ocr_line' id='line_1_7' title="bbox 220 545 1222 600; baseline -0.002 -12"><span class='ocrx_word' id='word_1_40' title='bbox 220 547 376 600; x_wconf 73' lang='grc' dir='ltr'>’Έκτωρ</span> <span class='ocrx_word' id='word_1_41' title='bbox 401 550 441 588; x_wconf 83' lang='grc' dir='ltr'>δὲ</span> <span class='ocrx_word' id='word_1_42' title='bbox 466 548 676 599; x_wconf 88' lang='grc' dir='ltr'>Τρώεσσιν</span> <span class='ocrx_word' id='word_1_43' title='bbox 703 546 886 588; x_wconf 85' lang='grc' dir='ltr'>ἐκέκλετο</span> <span class='ocrx_word' id='word_1_44' title='bbox 911 546 1060 598; x_wconf 86' lang='grc' dir='ltr'>μακρὸν</span> <span class='ocrx_word' id='word_1_45' title='bbox 1085 545 1222 586; x_wconf 79' lang='grc' dir='ltr'>ἀΰσας·</span> 
     </span>
     <span class='ocr_line' id='line_1_8' title="bbox 230 612 1278 667; baseline -0.003 -13"><span class='ocrx_word' id='word_1_46' title='bbox 230 618 254 632; x_wconf 84' lang='grc'>“</span> <span class='ocrx_word' id='word_1_47' title='bbox 270 618 402 667; x_wconf 82' lang='grc' dir='ltr'>Τρῶες</span> <span class='ocrx_word' id='word_1_48' title='bbox 429 615 491 655; x_wconf 81' lang='grc' dir='ltr'>καὶ</span> <span class='ocrx_word' id='word_1_49' title='bbox 517 614 653 654; x_wconf 65' lang='grc' dir='ltr'>Λύκιοι</span> <span class='ocrx_word' id='word_1_50' title='bbox 679 614 741 654; x_wconf 88' lang='grc' dir='ltr'>καὶ</span> <span class='ocrx_word' id='word_1_51' title='bbox 769 612 969 664; x_wconf 82' lang='grc' dir='ltr'>Δάρδανοι</span> <span class='ocrx_word' id='word_1_52' title='bbox 995 613 1278 666; x_wconf 82' lang='grc' dir='ltr'>ἀγχιμαχηταί,</span> 
     </span>
     <span class='ocr_line' id='line_1_9' title="bbox 228 679 1312 732; baseline -0.004 -11"><span class='ocrx_word' id='word_1_53' title='bbox 228 681 362 732; x_wconf 79' lang='grc' dir='ltr'>ἀνέρες</span> <span class='ocrx_word' id='word_1_54' title='bbox 387 681 490 726; x_wconf 81' lang='grc' dir='ltr'>ἔστε,</span> <span class='ocrx_word' id='word_1_55' title='bbox 520 681 645 732; x_wconf 86' lang='grc' dir='ltr'>φίλοι,</span> <span class='ocrx_word' id='word_1_56' title='bbox 673 679 884 731; x_wconf 85' lang='grc' dir='ltr'>μνήσασθε</span> <span class='ocrx_word' id='word_1_57' title='bbox 909 681 951 720; x_wconf 81' lang='grc' dir='ltr'>δὲ</span> <span class='ocrx_word' id='word_1_58' title='bbox 978 679 1153 731; x_wconf 84' lang='grc' dir='ltr'>θούριδος</span> <span class='ocrx_word' id='word_1_59' title='bbox 1177 679 1312 728; x_wconf 83' lang='grc' dir='ltr'>ἀλκῆς.</span> 
     </span>
     <span class='ocr_line' id='line_1_10' title="bbox 228 745 1550 799; baseline 0 -12"><span class='ocrx_word' id='word_1_60' title='bbox 228 747 435 799; x_wconf 82' lang='grc' dir='ltr'>γιγνώσκω</span> <span class='ocrx_word' id='word_1_61' title='bbox 462 747 494 787; x_wconf 89' lang='grc' dir='ltr'>δ’</span> <span class='ocrx_word' id='word_1_62' title='bbox 521 748 580 787; x_wconf 86' lang='grc' dir='ltr'>ὅτι</span> <span class='ocrx_word' id='word_1_63' title='bbox 605 764 672 798; x_wconf 92' lang='grc' dir='ltr'>μοι</span> <span class='ocrx_word' id='word_1_64' title='bbox 698 747 886 799; x_wconf 83' lang='grc' dir='ltr'>πρόφρων</span> <span class='ocrx_word' id='word_1_65' title='bbox 914 745 1126 786; x_wconf 84' lang='grc' dir='ltr'>κατένευσε</span> <span class='ocrx_word' id='word_1_66' title='bbox 1152 745 1328 797; x_wconf 87' lang='grc' dir='ltr'>Κρονίων</span> <span class='ocrx_word' id='word_1_67' title='bbox 1491 756 1550 787; x_wconf 83' lang='lat'>175</span> 
     </span>
     <span class='ocr_line' id='line_1_11' title="bbox 228 813 1267 866; baseline -0.003 -12"><span class='ocrx_word' id='word_1_68' title='bbox 228 815 338 864; x_wconf 84' lang='grc' dir='ltr'>νίκην</span> <span class='ocrx_word' id='word_1_69' title='bbox 364 814 426 854; x_wconf 88' lang='grc' dir='ltr'>καὶ</span> <span class='ocrx_word' id='word_1_70' title='bbox 450 813 553 866; x_wconf 92' lang='grc' dir='ltr'>μέγα</span> <span class='ocrx_word' id='word_1_71' title='bbox 580 817 704 859; x_wconf 77' lang='grc' dir='ltr'>κῦδος,</span> <span class='ocrx_word' id='word_1_72' title='bbox 733 814 828 865; x_wconf 75' lang='grc' dir='ltr'>ἀτὰρ</span> <span class='ocrx_word' id='word_1_73' title='bbox 856 813 1055 853; x_wconf 86' lang='grc' dir='ltr'>Δαναοῖσί</span> <span class='ocrx_word' id='word_1_74' title='bbox 1076 829 1122 863; x_wconf 91' lang='grc' dir='ltr'>γε</span> <span class='ocrx_word' id='word_1_75' title='bbox 1147 813 1267 862; x_wconf 86' lang='grc' dir='ltr'>πῆμα·</span> 
     </span>
     <span class='ocr_line' id='line_1_12' title="bbox 228 879 1170 933; baseline -0.003 -13"><span class='ocrx_word' id='word_1_76' title='bbox 228 879 372 930; x_wconf 83' lang='grc' dir='ltr'>νήπιοι,</span> <span class='ocrx_word' id='word_1_77' title='bbox 402 881 438 921; x_wconf 75' lang='grc' dir='ltr'>οἳ</span> <span class='ocrx_word' id='word_1_78' title='bbox 463 880 537 931; x_wconf 82' lang='grc' dir='ltr'>ἄρα</span> <span class='ocrx_word' id='word_1_79' title='bbox 563 880 607 930; x_wconf 72' lang='grc' dir='ltr'>δὴ</span> <span class='ocrx_word' id='word_1_80' title='bbox 636 880 727 920; x_wconf 87' lang='grc' dir='ltr'>τάδε</span> <span class='ocrx_word' id='word_1_81' title='bbox 753 880 887 933; x_wconf 87' lang='grc' dir='ltr'>τείχεα</span> <span class='ocrx_word' id='word_1_82' title='bbox 912 880 1170 932; x_wconf 82' lang='grc' dir='ltr'>μηχανόωντο</span> 
     </span>
     <span class='ocr_line' id='line_1_13' title="bbox 228 943 1337 1000; baseline -0.002 -14"><span class='ocrx_word' id='word_1_83' title='bbox 228 946 403 1000; x_wconf 74' lang='grc' dir='ltr'>ἀβλήχρ’</span> <span class='ocrx_word' id='word_1_84' title='bbox 432 948 693 999; x_wconf 81' lang='grc' dir='ltr'>οὐδενόσωρα·</span> <span class='ocrx_word' id='word_1_85' title='bbox 733 948 780 986; x_wconf 79' lang='grc' dir='ltr'>τὰ</span> <span class='ocrx_word' id='word_1_86' title='bbox 805 946 837 986; x_wconf 83' lang='grc' dir='ltr'>δ’</span> <span class='ocrx_word' id='word_1_87' title='bbox 865 945 908 985; x_wconf 81' lang='grc' dir='ltr'>οὐ</span> <span class='ocrx_word' id='word_1_88' title='bbox 932 945 1049 996; x_wconf 90' lang='grc' dir='ltr'>μένος</span> <span class='ocrx_word' id='word_1_89' title='bbox 1075 944 1175 995; x_wconf 82' lang='grc' dir='ltr'>ἁμὸν</span> <span class='ocrx_word' id='word_1_90' title='bbox 1200 943 1337 995; x_wconf 57' lang='grc' dir='ltr'>ἐρύξω</span> 
     </span>
     <span class='ocr_line' id='line_1_14' title="bbox 229 1009 1208 1066; baseline -0.003 -13"><span class='ocrx_word' id='word_1_91' title='bbox 229 1014 340 1054; x_wconf 86' lang='grc' dir='ltr'>ἵπποι</span> <span class='ocrx_word' id='word_1_92' title='bbox 365 1016 406 1054; x_wconf 79' lang='grc' dir='ltr'>δὲ</span> <span class='ocrx_word' id='word_1_93' title='bbox 429 1013 499 1065; x_wconf 85' lang='grc' dir='ltr'>ῥέα</span> <span class='ocrx_word' id='word_1_94' title='bbox 525 1013 679 1066; x_wconf 83' lang='grc' dir='ltr'>τάφρον</span> <span class='ocrx_word' id='word_1_95' title='bbox 704 1011 1006 1065; x_wconf 84' lang='grc' dir='ltr'>ὑπερθορέονται</span> <span class='ocrx_word' id='word_1_96' title='bbox 1030 1009 1208 1063; x_wconf 86' lang='grc' dir='ltr'>ὀρυκτήν.</span> 
     </span>
     <span class='ocr_line' id='line_1_15' title="bbox 229 1076 1554 1134; baseline -0.002 -15"><span class='ocrx_word' id='word_1_97' title='bbox 229 1079 320 1120; x_wconf 84' lang='grc' dir='ltr'>ἀλλ’</span> <span class='ocrx_word' id='word_1_98' title='bbox 349 1081 414 1120; x_wconf 87' lang='grc' dir='ltr'>ὅτε</span> <span class='ocrx_word' id='word_1_99' title='bbox 441 1097 505 1121; x_wconf 92' lang='grc' dir='ltr'>κεν</span> <span class='ocrx_word' id='word_1_100' title='bbox 530 1080 576 1130; x_wconf 76' lang='grc' dir='ltr'>δὴ</span> <span class='ocrx_word' id='word_1_101' title='bbox 604 1080 743 1129; x_wconf 86' lang='grc' dir='ltr'>νηυσὶν</span> <span class='ocrx_word' id='word_1_102' title='bbox 769 1079 832 1119; x_wconf 85' lang='grc' dir='ltr'>ἔπι</span> <span class='ocrx_word' id='word_1_103' title='bbox 856 1083 1087 1134; x_wconf 78' lang='grc' dir='ltr'>γλαφυρῇσι</span> <span class='ocrx_word' id='word_1_104' title='bbox 1112 1076 1297 1129; x_wconf 87' lang='grc' dir='ltr'>γένωμαι,</span> <span class='ocrx_word' id='word_1_105' title='bbox 1495 1080 1554 1110; x_wconf 86' lang='lat'>180</span> 
     </span>
     <span class='ocr_line' id='line_1_16' title="bbox 229 1143 1215 1198; baseline -0.006 -10"><span class='ocrx_word' id='word_1_106' title='bbox 229 1147 461 1198; x_wconf 82' lang='grc' dir='ltr'>μνημοσύνη</span> <span class='ocrx_word' id='word_1_107' title='bbox 487 1163 544 1189; x_wconf 91' lang='grc' dir='ltr'>τις</span> <span class='ocrx_word' id='word_1_108' title='bbox 570 1147 706 1187; x_wconf 83' lang='grc' dir='ltr'>ἔπειτα</span> <span class='ocrx_word' id='word_1_109' title='bbox 730 1145 849 1197; x_wconf 84' lang='grc' dir='ltr'>πυρὸς</span> <span class='ocrx_word' id='word_1_110' title='bbox 873 1144 998 1195; x_wconf 80' lang='grc' dir='ltr'>δηΐοιο</span> <span class='ocrx_word' id='word_1_111' title='bbox 1024 1143 1215 1195; x_wconf 86' lang='grc' dir='ltr'>γενέσθω,</span> 
     </span>
     <span class='ocr_line' id='line_1_17' title="bbox 231 1210 1244 1265; baseline -0.002 -12"><span class='ocrx_word' id='word_1_112' title='bbox 231 1213 281 1255; x_wconf 84' lang='grc' dir='ltr'>ὡς</span> <span class='ocrx_word' id='word_1_113' title='bbox 306 1214 395 1265; x_wconf 88' lang='grc' dir='ltr'>πυρὶ</span> <span class='ocrx_word' id='word_1_114' title='bbox 423 1230 518 1263; x_wconf 85' lang='grc' dir='ltr'>νηας</span> <span class='ocrx_word' id='word_1_115' title='bbox 548 1211 759 1264; x_wconf 90' lang='grc' dir='ltr'>ενιπρήσω,</span> <span class='ocrx_word' id='word_1_116' title='bbox 789 1212 925 1252; x_wconf 89' lang='grc' dir='ltr'>κτείνω</span> <span class='ocrx_word' id='word_1_117' title='bbox 951 1213 991 1251; x_wconf 85' lang='grc' dir='ltr'>δὲ</span> <span class='ocrx_word' id='word_1_118' title='bbox 1019 1211 1082 1250; x_wconf 91' lang='grc' dir='ltr'>καὶ</span> <span class='ocrx_word' id='word_1_119' title='bbox 1106 1210 1244 1251; x_wconf 82' lang='grc' dir='ltr'>αὐτοὺς</span> 
     </span>
    </p>
   </div>
   <div class='ocr_carea' id='block_1_3' title="bbox 1275 1274 1332 1288">
    <p class='ocr_par' dir='ltr' id='par_1_3' title="bbox 1275 1274 1332 1288">
     <span class='ocr_line' id='line_1_18' title="bbox 1275 1274 1332 1288; baseline 0.018 -1"><span class='ocrx_word' id='word_1_120' title='bbox 1275 1274 1332 1288; x_wconf 53' lang='lat' dir='ltr'>a„</span> 
     </span>
    </p>
   </div>
   <div class='ocr_carea' id='block_1_4' title="bbox 232 1275 1303 1392">
    <p class='ocr_par' dir='ltr' id='par_1_4' title="bbox 232 1275 1303 1392">
     <span class='ocr_line' id='line_1_19' title="bbox 232 1275 1303 1331; baseline -0.003 -12.963"><span class='ocrx_word' id='word_1_121' title='bbox 232 1277 434 1330; x_wconf 83' lang='grc' dir='ltr'>Ἀργείους</span> <span class='ocrx_word' id='word_1_122' title='bbox 459 1294 564 1331; x_wconf 88' lang='grc' dir='ltr'>παρα</span> <span class='ocrx_word' id='word_1_123' title='bbox 589 1278 729 1327; x_wconf 87' lang='grc' dir='ltr'>νηυσὶν</span> <span class='ocrx_word' id='word_1_124' title='bbox 758 1275 1017 1327; x_wconf 76' lang='grc' dir='ltr'>ἀτυζομένους</span> <span class='ocrx_word' id='word_1_125' title='bbox 1041 1275 1118 1316; x_wconf 82' lang='grc' dir='ltr'>ὑπὸ</span> <span class='ocrx_word' id='word_1_126' title='bbox 1145 1291 1303 1316; x_wconf 88' lang='grc' dir='ltr'>καπνου.</span> 
     </span>
     <span class='ocr_line' id='line_1_20' title="bbox 291 1339 1225 1392; baseline -0.004 -8.898"><span class='ocrx_word' id='word_1_127' title='bbox 291 1341 369 1384; x_wconf 85' lang='grc' dir='ltr'>Ως</span> <span class='ocrx_word' id='word_1_128' title='bbox 397 1343 518 1382; x_wconf 81' lang='grc' dir='ltr'>εἰπὼν</span> <span class='ocrx_word' id='word_1_129' title='bbox 543 1343 725 1382; x_wconf 82' lang='grc' dir='ltr'>ἵπποισιν</span> <span class='ocrx_word' id='word_1_130' title='bbox 751 1340 932 1381; x_wconf 85' lang='grc' dir='ltr'>ἐκέκλετο</span> <span class='ocrx_word' id='word_1_131' title='bbox 958 1339 1147 1392; x_wconf 88' lang='grc' dir='ltr'>φώνησέν</span> <span class='ocrx_word' id='word_1_132' title='bbox 1170 1356 1225 1380; x_wconf 91' lang='grc' dir='ltr'>τε·</span> 
     </span>
    </p>
   </div>
   <div class='ocr_carea' id='block_1_5' title="bbox 229 1407 1554 2059">
    <p class='ocr_par' dir='ltr' id='par_1_5' title="bbox 231 1407 1449 1459">
     <span class='ocr_line' id='line_1_21' title="bbox 231 1407 1449 1459; baseline -0.002 -10"><span class='ocrx_word' id='word_1_133' title='bbox 231 1411 255 1426; x_wconf 84' lang='grc'><strong><em>“</em></strong></span> <span class='ocrx_word' id='word_1_134' title='bbox 275 1407 407 1450; x_wconf 87' lang='grc' dir='ltr'>Ξάνθε</span> <span class='ocrx_word' id='word_1_135' title='bbox 434 1425 476 1449; x_wconf 88' lang='grc' dir='ltr'>τε</span> <span class='ocrx_word' id='word_1_136' title='bbox 502 1409 564 1448; x_wconf 82' lang='grc' dir='ltr'>καὶ</span> <span class='ocrx_word' id='word_1_137' title='bbox 590 1408 652 1454; x_wconf 82' lang='grc' dir='ltr'>σύ,</span> <span class='ocrx_word' id='word_1_138' title='bbox 681 1408 878 1459; x_wconf 86' lang='grc' dir='ltr'>Πόδαργε,</span> <span class='ocrx_word' id='word_1_139' title='bbox 907 1407 969 1446; x_wconf 87' lang='grc' dir='ltr'>καὶ</span> <span class='ocrx_word' id='word_1_140' title='bbox 995 1407 1126 1446; x_wconf 78' lang='grc' dir='ltr'>Αἴθων</span> <span class='ocrx_word' id='word_1_141' title='bbox 1151 1407 1291 1456; x_wconf 78' lang='grc' dir='ltr'>Λάμπέ</span> <span class='ocrx_word' id='word_1_142' title='bbox 1315 1422 1358 1447; x_wconf 84' lang='grc' dir='ltr'>τε</span> <span class='ocrx_word' id='word_1_143' title='bbox 1381 1408 1449 1452; x_wconf 85' lang='grc' dir='ltr'>δῖε,</span> 
     </span>
    </p>

    <p class='ocr_par' dir='ltr' id='par_1_6' title="bbox 229 1471 1553 1594">
     <span class='ocr_line' id='line_1_22' title="bbox 229 1471 1553 1526; baseline -0.003 -11"><span class='ocrx_word' id='word_1_144' title='bbox 229 1478 298 1515; x_wconf 79' lang='grc' dir='ltr'>νῦν</span> <span class='ocrx_word' id='word_1_145' title='bbox 322 1492 388 1526; x_wconf 94' lang='grc' dir='ltr'>μοι</span> <span class='ocrx_word' id='word_1_146' title='bbox 412 1475 483 1525; x_wconf 78' lang='grc' dir='ltr'>τὴν</span> <span class='ocrx_word' id='word_1_147' title='bbox 512 1474 672 1525; x_wconf 90' lang='grc' dir='ltr'>κομιδην</span> <span class='ocrx_word' id='word_1_148' title='bbox 697 1474 942 1519; x_wconf 82' lang='grc' dir='ltr'>ἀποτίνετον</span> <span class='ocrx_word' id='word_1_149' title='bbox 969 1471 1016 1522; x_wconf 82' lang='grc' dir='ltr'>ὴν</span> <span class='ocrx_word' id='word_1_150' title='bbox 1039 1471 1149 1523; x_wconf 85' lang='grc' dir='ltr'>μάλα</span> <span class='ocrx_word' id='word_1_151' title='bbox 1172 1471 1329 1523; x_wconf 90' lang='grc' dir='ltr'>πολλην</span> <span class='ocrx_word' id='word_1_152' title='bbox 1495 1476 1553 1506; x_wconf 90' lang='lat'>186</span> 
     </span>
     <span class='ocr_line' id='line_1_23' title="bbox 229 1538 1210 1594; baseline -0.001 -12"><span class='ocrx_word' id='word_1_153' title='bbox 229 1541 478 1594; x_wconf 80' lang='grc' dir='ltr'>Ἀνδρομάχη</span> <span class='ocrx_word' id='word_1_154' title='bbox 507 1541 677 1593; x_wconf 88' lang='grc' dir='ltr'>θυγάτηρ</span> <span class='ocrx_word' id='word_1_155' title='bbox 702 1539 971 1592; x_wconf 88' lang='grc' dir='ltr'>μεγαλήτορος</span> <span class='ocrx_word' id='word_1_156' title='bbox 996 1538 1210 1581; x_wconf 81' lang='grc' dir='ltr'>Ἠετίωνος</span> 
     </span>
    </p>

    <p class='ocr_par' dir='ltr' id='par_1_7' title="bbox 229 1605 1235 1660">
     <span class='ocr_line' id='line_1_24' title="bbox 229 1605 1235 1660; baseline -0.002 -12"><span class='ocrx_word' id='word_1_157' title='bbox 229 1609 320 1658; x_wconf 85' lang='grc' dir='ltr'>ὑμῖν</span> <span class='ocrx_word' id='word_1_158' title='bbox 345 1610 423 1660; x_wconf 76' lang='grc' dir='ltr'>πὰρ</span> <span class='ocrx_word' id='word_1_159' title='bbox 449 1608 677 1660; x_wconf 88' lang='grc' dir='ltr'>προτέροισι</span> <span class='ocrx_word' id='word_1_160' title='bbox 703 1609 927 1659; x_wconf 87' lang='grc' dir='ltr'>μελίφρονα</span> <span class='ocrx_word' id='word_1_161' title='bbox 952 1605 1072 1658; x_wconf 85' lang='grc' dir='ltr'>πυρὸν</span> <span class='ocrx_word' id='word_1_162' title='bbox 1097 1605 1235 1656; x_wconf 83' lang='grc' dir='ltr'>ἔθηκεν</span> 
     </span>
    </p>

    <p class='ocr_par' dir='ltr' id='par_1_8' title="bbox 230 1672 1231 1727">
     <span class='ocr_line' id='line_1_25' title="bbox 230 1672 1231 1727; baseline -0.004 -12"><span class='ocrx_word' id='word_1_163' title='bbox 230 1675 336 1715; x_wconf 82' lang='grc' dir='ltr'>οἶνόν</span> <span class='ocrx_word' id='word_1_164' title='bbox 361 1674 392 1714; x_wconf 79' lang='grc' dir='ltr'>τ’</span> <span class='ocrx_word' id='word_1_165' title='bbox 420 1674 672 1727; x_wconf 84' lang='grc' dir='ltr'>ἐγκεράσασα</span> <span class='ocrx_word' id='word_1_166' title='bbox 698 1678 813 1719; x_wconf 86' lang='grc' dir='ltr'>πιεῖν,</span> <span class='ocrx_word' id='word_1_167' title='bbox 841 1674 906 1713; x_wconf 87' lang='grc' dir='ltr'>ὅτε</span> <span class='ocrx_word' id='word_1_168' title='bbox 929 1672 1048 1723; x_wconf 83' lang='grc' dir='ltr'>θυμὸς</span> <span class='ocrx_word' id='word_1_169' title='bbox 1073 1672 1231 1724; x_wconf 85' lang='grc' dir='ltr'>ἀνώγοι,</span> 
     </span>
    </p>

    <p class='ocr_par' dir='ltr' id='par_1_9' title="bbox 229 1738 1554 1860">
     <span class='ocr_line' id='line_1_26' title="bbox 229 1738 1554 1793; baseline -0.004 -12"><span class='ocrx_word' id='word_1_170' title='bbox 229 1738 252 1791; x_wconf 81' lang='grc' dir='ltr'>ἢ</span> <span class='ocrx_word' id='word_1_171' title='bbox 280 1741 376 1792; x_wconf 82' lang='grc' dir='ltr'>ἐμοί,</span> <span class='ocrx_word' id='word_1_172' title='bbox 404 1742 447 1783; x_wconf 87' lang='grc' dir='ltr'>ὅς</span> <span class='ocrx_word' id='word_1_173' title='bbox 471 1741 544 1793; x_wconf 89' lang='grc' dir='ltr'>πέρ</span> <span class='ocrx_word' id='word_1_174' title='bbox 570 1743 605 1782; x_wconf 81' lang='grc' dir='ltr'>οἱ</span> <span class='ocrx_word' id='word_1_175' title='bbox 632 1740 798 1793; x_wconf 84' lang='grc' dir='ltr'>θαλερὸς</span> <span class='ocrx_word' id='word_1_176' title='bbox 823 1740 941 1781; x_wconf 89' lang='grc' dir='ltr'>πόσις</span> <span class='ocrx_word' id='word_1_177' title='bbox 967 1739 1131 1792; x_wconf 78' lang='grc' dir='ltr'>εὔχομαι</span> <span class='ocrx_word' id='word_1_178' title='bbox 1155 1739 1264 1780; x_wconf 79' lang='grc' dir='ltr'>εἶναι.</span> <span class='ocrx_word' id='word_1_179' title='bbox 1495 1750 1554 1782; x_wconf 92' lang='lat'>190</span> 
     </span>
     <span class='ocr_line' id='line_1_27' title="bbox 230 1804 1323 1860; baseline -0.002 -13"><span class='ocrx_word' id='word_1_180' title='bbox 230 1807 321 1847; x_wconf 80' lang='grc' dir='ltr'>ἀλλ’</span> <span class='ocrx_word' id='word_1_181' title='bbox 347 1810 633 1860; x_wconf 86' lang='grc' dir='ltr'>ἐφομαρτεῖτον</span> <span class='ocrx_word' id='word_1_182' title='bbox 661 1809 721 1848; x_wconf 83' lang='grc' dir='ltr'>καὶ</span> <span class='ocrx_word' id='word_1_183' title='bbox 748 1807 975 1852; x_wconf 85' lang='grc' dir='ltr'>σπεύδετον,</span> <span class='ocrx_word' id='word_1_184' title='bbox 1003 1807 1109 1857; x_wconf 82' lang='grc' dir='ltr'>ὄφρα</span> <span class='ocrx_word' id='word_1_185' title='bbox 1133 1804 1323 1856; x_wconf 78' lang='grc' dir='ltr'>λάβωμεν</span> 
     </span>
    </p>

    <p class='ocr_par' dir='ltr' id='par_1_10' title="bbox 230 1871 1266 1925">
     <span class='ocr_line' id='line_1_28' title="bbox 230 1871 1266 1925; baseline -0.004 -10"><span class='ocrx_word' id='word_1_186' title='bbox 230 1875 380 1915; x_wconf 83' lang='grc' dir='ltr'>ἀσπίδα</span> <span class='ocrx_word' id='word_1_187' title='bbox 404 1873 646 1925; x_wconf 74' lang='grc' dir='ltr'>Νεστορέην,</span> <span class='ocrx_word' id='word_1_188' title='bbox 675 1876 742 1924; x_wconf 88' lang='grc' dir='ltr'>τῆς</span> <span class='ocrx_word' id='word_1_189' title='bbox 766 1876 835 1916; x_wconf 79' lang='grc' dir='ltr'>νῦν</span> <span class='ocrx_word' id='word_1_190' title='bbox 861 1872 975 1913; x_wconf 88' lang='grc' dir='ltr'>κλέος</span> <span class='ocrx_word' id='word_1_191' title='bbox 1001 1871 1166 1923; x_wconf 84' lang='grc' dir='ltr'>οὐρανὸν</span> <span class='ocrx_word' id='word_1_192' title='bbox 1191 1872 1266 1912; x_wconf 85' lang='grc' dir='ltr'>ἵκει</span> 
     </span>
    </p>

    <p class='ocr_par' dir='ltr' id='par_1_11' title="bbox 231 1936 1260 1993">
     <span class='ocr_line' id='line_1_29' title="bbox 231 1936 1260 1993; baseline -0.002 -12"><span class='ocrx_word' id='word_1_193' title='bbox 231 1944 365 1981; x_wconf 80' lang='grc' dir='ltr'>πᾶσαν</span> <span class='ocrx_word' id='word_1_194' title='bbox 389 1941 579 1993; x_wconf 83' lang='grc' dir='ltr'>χρυσείην</span> <span class='ocrx_word' id='word_1_195' title='bbox 607 1940 751 1990; x_wconf 86' lang='grc' dir='ltr'>ἔμεναι,</span> <span class='ocrx_word' id='word_1_196' title='bbox 781 1940 947 1980; x_wconf 85' lang='grc' dir='ltr'>κανόνας</span> <span class='ocrx_word' id='word_1_197' title='bbox 971 1956 1014 1979; x_wconf 91' lang='grc' dir='ltr'>τε</span> <span class='ocrx_word' id='word_1_198' title='bbox 1040 1938 1101 1978; x_wconf 85' lang='grc' dir='ltr'>καὶ</span> <span class='ocrx_word' id='word_1_199' title='bbox 1128 1936 1260 1988; x_wconf 82' lang='grc' dir='ltr'>αὐτήν,</span> 
     </span>
    </p>

    <p class='ocr_par' dir='ltr' id='par_1_12' title="bbox 231 2004 1111 2059">
     <span class='ocr_line' id='line_1_30' title="bbox 231 2004 1111 2059; baseline -0.003 -12"><span class='ocrx_word' id='word_1_200' title='bbox 231 2007 351 2059; x_wconf 75' lang='grc' dir='ltr'>αὐτὰρ</span> <span class='ocrx_word' id='word_1_201' title='bbox 375 2006 439 2047; x_wconf 73' lang='grc' dir='ltr'>ἀπ’</span> <span class='ocrx_word' id='word_1_202' title='bbox 467 2007 601 2058; x_wconf 85' lang='grc' dir='ltr'>ὤμοιιν</span> <span class='ocrx_word' id='word_1_203' title='bbox 629 2005 848 2057; x_wconf 80' lang='grc' dir='ltr'>Διομήδεος</span> <span class='ocrx_word' id='word_1_204' title='bbox 875 2004 1111 2055; x_wconf 82' lang='grc' dir='ltr'>ἱπποδάμοιο</span> 
     </span>
    </p>
   </div>
   <div class='ocr_carea' id='block_1_6' title="bbox 230 2070 1563 2421">
    <p class='ocr_par' dir='ltr' id='par_1_13' title="bbox 230 2070 1561 2421">
     <span class='ocr_line' id='line_1_31' title="bbox 230 2070 1550 2124; baseline -0.003 -11"><span class='ocrx_word' id='word_1_205' title='bbox 230 2073 439 2114; x_wconf 85' lang='grc' dir='ltr'>δαιδάλεον</span> <span class='ocrx_word' id='word_1_206' title='bbox 463 2074 629 2124; x_wconf 88' lang='grc' dir='ltr'>θώρηκα,</span> <span class='ocrx_word' id='word_1_207' title='bbox 658 2072 724 2112; x_wconf 81' lang='grc' dir='ltr'>τὸν</span> <span class='ocrx_word' id='word_1_208' title='bbox 743 2072 979 2124; x_wconf 61' lang='grc' dir='ltr'>’Ἠφαιστος</span> <span class='ocrx_word' id='word_1_209' title='bbox 1005 2071 1102 2122; x_wconf 85' lang='grc' dir='ltr'>κάμε</span> <span class='ocrx_word' id='word_1_210' title='bbox 1126 2070 1289 2123; x_wconf 84' lang='grc' dir='ltr'>τεύχων.</span> <span class='ocrx_word' id='word_1_211' title='bbox 1490 2079 1550 2112; x_wconf 86' lang='lat'>195</span> 
     </span>
     <span class='ocr_line' id='line_1_32' title="bbox 278 2163 370 2193; baseline 0.011 -1"><span class='ocrx_word' id='word_1_212' title='bbox 278 2163 338 2193; x_wconf 83' lang='lat'>168</span> <span class='ocrx_word' id='word_1_213' title='bbox 351 2173 370 2193; x_wconf 90' lang='lat' dir='ltr'>a</span> 
     </span>
     <span class='ocr_line' id='line_1_33' title="bbox 491 2204 1240 2245; baseline -0.001 -9"><span class='ocrx_word' id='word_1_214' title='bbox 491 2206 510 2243; x_wconf 81' lang='grc' dir='ltr'>ἢ</span> <span class='ocrx_word' id='word_1_215' title='bbox 527 2204 607 2244; x_wconf 82' lang='grc' dir='ltr'>μήτε</span> <span class='ocrx_word' id='word_1_216' title='bbox 627 2204 761 2245; x_wconf 76' lang='grc' dir='ltr'>στρέψαι</span> <span class='ocrx_word' id='word_1_217' title='bbox 779 2204 853 2243; x_wconf 78' lang='grc' dir='ltr'>μήτ’</span> <span class='ocrx_word' id='word_1_218' title='bbox 875 2205 1020 2241; x_wconf 82' lang='grc' dir='ltr'>ἀντίβιον</span> <span class='ocrx_word' id='word_1_219' title='bbox 1035 2204 1240 2244; x_wconf 85' lang='grc' dir='ltr'>μαχέσασθαι</span> 
     </span>
     <span class='ocr_line' id='line_1_34' title="bbox 231 2245 1493 2289; baseline -0.002 -11"><span class='ocrx_word' id='word_1_220' title='bbox 231 2249 306 2279; x_wconf 83' lang='lat' dir='ltr'>add.</span> <span class='ocrx_word' id='word_1_221' title='bbox 322 2249 454 2289; x_wconf 84' lang='lat' dir='ltr'>quidam</span> <span class='ocrx_word' id='word_1_222' title='bbox 474 2253 542 2279; x_wconf 87' lang='lat' dir='ltr'>ant.</span> <span class='ocrx_word' id='word_1_223' title='bbox 639 2258 699 2286; x_wconf 83' lang='lat'>170</span> <span class='ocrx_word' id='word_1_224' title='bbox 721 2248 789 2289; x_wconf 76' lang='grc' dir='ltr'>ἀπ’]</span> <span class='ocrx_word' id='word_1_225' title='bbox 809 2249 855 2280; x_wconf 79' lang='grc' dir='ltr'>ἐπ’</span> <span class='ocrx_word' id='word_1_226' title='bbox 871 2258 900 2282; x_wconf 86' lang='lat' dir='ltr'>e</span> <span class='ocrx_word' id='word_1_227' title='bbox 918 2248 980 2279; x_wconf 69' lang='grc' dir='ltr'><strong>ν.1.</strong></span> <span class='ocrx_word' id='word_1_228' title='bbox 998 2248 1031 2278; x_wconf 87' lang='lat' dir='ltr'>in</span> <span class='ocrx_word' id='word_1_229' title='bbox 1044 2247 1075 2277; x_wconf 83' lang='lat' dir='ltr'>A</span> <span class='ocrx_word' id='word_1_230' title='bbox 1168 2256 1226 2285; x_wconf 91' lang='lat'>177</span> <span class='ocrx_word' id='word_1_231' title='bbox 1251 2246 1282 2278; x_wconf 80' lang='grc' dir='ltr'>οἳ</span> <span class='ocrx_word' id='word_1_232' title='bbox 1297 2245 1356 2276; x_wconf 86' lang='lat' dir='ltr'>Ar.</span> <span class='ocrx_word' id='word_1_233' title='bbox 1373 2245 1493 2276; x_wconf 91' lang='lat' dir='ltr'>codd.</span> 
     </span>
     <span class='ocr_line' id='line_1_35' title="bbox 233 2288 1560 2333; baseline -0.003 -11"><span class='ocrx_word' id='word_1_234' title='bbox 233 2292 329 2324; x_wconf 84' lang='lat' dir='ltr'>Dion.</span> <span class='ocrx_word' id='word_1_235' title='bbox 353 2293 423 2324; x_wconf 70' lang='lat' dir='ltr'>Sid.</span> <span class='ocrx_word' id='word_1_236' title='bbox 580 2301 639 2330; x_wconf 82' lang='lat'>179</span> <span class='ocrx_word' id='word_1_237' title='bbox 664 2292 689 2323; x_wconf 90' lang='grc' dir='ltr'>δ</span> <span class='ocrx_word' id='word_1_238' title='bbox 710 2292 801 2333; x_wconf 79' lang='grc' dir='ltr'>εὐρέα</span> <span class='ocrx_word' id='word_1_239' title='bbox 817 2302 837 2322; x_wconf 80' lang='lat'>1·</span> <span class='ocrx_word' id='word_1_240' title='bbox 857 2290 916 2324; x_wconf 57' lang='lat' dir='ltr'>Uss.</span> <span class='ocrx_word' id='word_1_241' title='bbox 1177 2291 1238 2328; x_wconf 84' lang='lat'>183</span> <span class='ocrx_word' id='word_1_242' title='bbox 1261 2299 1325 2319; x_wconf 87' lang='lat' dir='ltr'>om.</span> <span class='ocrx_word' id='word_1_243' title='bbox 1348 2289 1459 2327; x_wconf 82' lang='lat' dir='ltr'>v.ulg.</span> <span class='ocrx_word' id='word_1_244' title='bbox 1483 2288 1560 2319; x_wconf 89' lang='lat' dir='ltr'><strong>hab.</strong></span> 
     </span>
     <span class='ocr_line' id='line_1_36' title="bbox 231 2301 1563 2384; baseline -0.002 -19"><span class='ocrx_word' id='word_1_245' title='bbox 231 2335 436 2384; x_wconf 68' lang='lat' dir='ltr'><strong>acdgqp⁷</strong></span> <span class='ocrx_word' id='word_1_246' title='bbox 450 2336 542 2367; x_wconf 80' lang='lat' dir='ltr'><strong>Eust.</strong></span> <span class='ocrx_word' id='word_1_247' title='bbox 560 2335 600 2365; x_wconf 87' lang='lat' dir='ltr'>al.</span> <span class='ocrx_word' id='word_1_248' title='bbox 691 2338 797 2375; x_wconf 83' lang='grc' dir='ltr'>καπνῷ</span> <span class='ocrx_word' id='word_1_249' title='bbox 814 2301 1031 2372; x_wconf 56' lang='lat' dir='ltr'>bgp111025.</span> <span class='ocrx_word' id='word_1_250' title='bbox 1049 2345 1078 2364; x_wconf 92' lang='lat' dir='ltr'>v.</span> <span class='ocrx_word' id='word_1_251' title='bbox 1093 2333 1113 2364; x_wconf 90' lang='lat' dir='ltr'>l.</span> <span class='ocrx_word' id='word_1_252' title='bbox 1127 2343 1180 2373; x_wconf 82' lang='lat' dir='ltr'>ap.</span> <span class='ocrx_word' id='word_1_253' title='bbox 1198 2333 1291 2363; x_wconf 83' lang='lat' dir='ltr'>Eust.</span> <span class='ocrx_word' id='word_1_254' title='bbox 1410 2333 1468 2370; x_wconf 87' lang='lat'>185</span> <span class='ocrx_word' id='word_1_255' title='bbox 1493 2332 1563 2362; x_wconf 86' lang='lat' dir='ltr'>ath.</span> 
     </span>
     <span class='ocr_line' id='line_1_37' title="bbox 230 2373 1561 2421; baseline -0.002 -13"><span class='ocrx_word' id='word_1_256' title='bbox 230 2379 289 2409; x_wconf 81' lang='lat' dir='ltr'>Ar.</span> <span class='ocrx_word' id='word_1_257' title='bbox 429 2382 490 2421; x_wconf 86' lang='lat'>189</span> <span class='ocrx_word' id='word_1_258' title='bbox 514 2379 583 2410; x_wconf 82' lang='lat' dir='ltr'>ath.</span> <span class='ocrx_word' id='word_1_259' title='bbox 601 2378 772 2418; x_wconf 76' lang='lat' dir='ltr'>Aristoph.</span> <span class='ocrx_word' id='word_1_260' title='bbox 794 2378 852 2409; x_wconf 82' lang='lat' dir='ltr'>Ar.</span> <span class='ocrx_word' id='word_1_261' title='bbox 992 2387 1047 2416; x_wconf 85' lang='lat'>191</span> <span class='ocrx_word' id='word_1_262' title='bbox 1077 2379 1160 2409; x_wconf 72' lang='grc' dir='ltr'>αἴκε</span> <span class='ocrx_word' id='word_1_263' title='bbox 1178 2387 1208 2407; x_wconf 90' lang='lat' dir='ltr'>v.</span> <span class='ocrx_word' id='word_1_264' title='bbox 1226 2376 1247 2407; x_wconf 91' lang='lat' dir='ltr'>l.</span> <span class='ocrx_word' id='word_1_265' title='bbox 1267 2380 1348 2415; x_wconf 61' lang='lat' dir='ltr'>ant„</span> <span class='ocrx_word' id='word_1_266' title='bbox 1367 2376 1434 2406; x_wconf 72' lang='lat' dir='ltr'>iL2·</span> <span class='ocrx_word' id='word_1_267' title='bbox 1446 2373 1561 2405; x_wconf 83' lang='lat' dir='ltr'>L¹0M⁷</span> 
     </span>
    </p>
   </div>
   <div class='ocr_carea' id='block_1_7' title="bbox 230 2420 460 2454">
    <p class='ocr_par' dir='ltr' id='par_1_14' title="bbox 230 2420 460 2454">
     <span class='ocr_line' id='line_1_38' title="bbox 230 2420 460 2454; baseline 0 -12"><span class='ocrx_word' id='word_1_268' title='bbox 230 2420 280 2453; x_wconf 76' lang='grc'>06</span> <span class='ocrx_word' id='word_1_269' title='bbox 292 2423 315 2453; x_wconf 72' lang='grc' dir='ltr'><strong>Γ</strong></span> <span class='ocrx_word' id='word_1_270' title='bbox 330 2423 389 2454; x_wconf 63' lang='lat' dir='ltr'>UH)</span> <span class='ocrx_word' id='word_1_271' title='bbox 399 2423 460 2454; x_wconf 55' lang='lat' dir='ltr'>V&#39;llj</span> 
     </span>
    </p>
   </div>
  </div>
 </body>
</html>
