1660 2802
634 105 668 138 5.
743 99 1003 136 ΙΛΙΑΔΟΣ
1051 99 1083 136 Ε

453 201 542 215 ΛΝ]
691 200 701 215 Ι

197 203 389 254 “”Ἐκτορ,
418 220 470 258 πῃ
497 214 542 252 οη
567 219 626 242 τοι
651 219 769 252 μενος
793 203 944 254 οἴχεται
969 201 990 241 ὃ
1016 202 1107 254 πρὶν
1133 201 1316 256 ἕχεσκες,·

193 271 272 321 φῆς
295 286 370 309 που
395 268 486 320 ἄτερ
509 272 617 308 λαῶν
642 270 759 309 πόλιν
786 265 926 318 ἑξέμεν
951 267 1010 318 ἠδ’
1038 269 1254 321 ἐπικούρων

192 336 283 381 οἶος,
312 335 387 375 σὺν
412 339 631 387 γαμβροῖο-ι
659 333 941 386 κασιγνήτοισί
962 351 1005 375 τε
1031 339 1153 375 σοῖσι.

191 405 268 441 τῶν
293 404 360 441 νῦν
386 402 430 441 οὔ
454 401 528 441 τιν’
554 402 631 452 ἐγὼ
658 399 774 441 ἰδέειν
801 400 937 451 δύναμ’
963 401 1052 441 οὐδὲ
1077 404 1232 451 νοῆσαι,
1454 415 1519 448 475

192 468 297 507 ἀλλὰ
323 468 658 508 καταπτώσσουσι
686 467 795 508 κύνες
823 467 874 508 ὣς
900 467 1004 519 ἀμφὶ
1027 467 1185 508 λέοντα·

266 537 282 545 Α
329 533 359 547 ex,

191 534 301 584 ἡμεις
327 547 345 572 ο
386 535 432 573 αὖ
456 533 694 586 μαχόμεσθ’,
725 535 765 573 οἵ
785 531 861 585 πέρ
884 533 917 573 τ’
944 534 1141 586 ἐπίκουροι
1166 534 1330 585 ἔνειμεν.

193 600 254 639 καὶ
280 601 353 651 γὰρ
380 601 480 651 ἐγὼν
505 601 709 651 ἐπίκουρος
737 601 810 642 ἐὼν
835 599 944 649 μάλα
969 601 1137 650 τηλόθεν
1161 600 1256 651 ἥκω·

189 669 311 715 τηλοῦ
336 667 410 717 γὰρ
436 667 570 716 Λυκίη,
602 665 747 720 Ξάνθῳ
774 666 837 706 ἔπι
864 666 1044 717 δινήεντι,

191 731 269 772 ἕνθ’
296 731 446 785 ἄλοχόν
472 749 511 772 τε
540 734 664 784 φίλην
693 733 831 772 ἔλιπον
859 732 921 772 καὶ
946 731 1087 782 νήπιον
1111 733 1209 779 υἱόν,
1454 739 1519 779 480

192 800 259 837 κὰδ
285 800 327 838 δὲ
354 797 529 849 κτήματα
553 798 697 845 πολλά,
727 798 774 839 τά
800 798 832 838 τ’
858 799 1013 839 ἔλδεται
1038 800 1080 840 ὅς
1106 798 1139 838 κ’
1165 797 1355 849 ἐπιδευής.

191 866 296 904 ἀλλὰ
324 865 386 904 καὶ
410 866 461 906 ὣς
490 867 652 906 Λυκίους
678 866 825 917 ὀτρύνω
853 866 915 906 καὶ
939 863 1076 916 μέμον’
1101 865 1216 907 αὐτὸς

190 931 300 982 ἀνδρὶ
326 930 598 984 μαχήσασθαι·
641 933 738 984 ἀτὰρ
764 932 808 972 οὔ
834 933 874 972 τί
893 949 959 982 μοι
985 931 1123 972 ἐνθάδε
1147 935 1254 973 τοῖον

189 997 271 1037 οἷόν
293 997 325 1036 κ’
350 997 393 1046 ἠὲ
420 996 578 1050 φέροιεν
608 998 762 1050 Ἀχαιοὶ
788 998 811 1048 ἤ
838 1015 902 1038 κεν
928 998 1072 1050 ἄγοιεν·

191 1064 282 1113 τύνη
309 1063 341 1103 δ’
368 1064 546 1113 ἕστηκας,
579 1065 674 1116 ἀτὰρ
700 1064 778 1104 οὐδ’
804 1064 967 1104 ἄλλοισι
994 1065 1164 1106 κελεύεις
1454 1070 1517 1110 485

189 1134 350 1170 λαοῖσιν
375 1128 542 1180 μενέμεν
572 1131 633 1171 καὶ
659 1129 896 1181 ἀμυνέμεναι
921 1131 1083 1182 ὤρεσσι.

189 1195 240 1247 μή
267 1213 359 1243 πως,
391 1196 441 1237 ὡς
467 1197 589 1248 ἀψῖσι
613 1197 725 1237 λίνου
750 1197 893 1237 ἁλόντε
918 1196 1132 1249 πανάγρου,

190 1262 357 1314 ἀνδράσι
384 1261 672 1312 δυσμενέεσσιν
699 1264 800 1315 ἕλωρ
828 1263 889 1302 καὶ
917 1264 1038 1315 κύρμα
1064 1261 1247 1315 γένησθε·

189 1331 225 1369 οἱ
249 1331 291 1370 δὲ
317 1329 405 1382 τάχ’
431 1327 665 1380 ἐκπέρσουσ’
694 1330 734 1369 εὖ
759 1328 969 1380 ναιομένην
995 1331 1112 1370 πόλιν
1137 1329 1248 1380 ὑμήν.

191 1395 255 1435 σοὶ
281 1398 321 1436 δὲ
347 1395 421 1449 χρὴ
447 1395 538 1436 τάδε
566 1395 691 1436 πάντα
715 1394 851 1446 μέλειν
876 1397 1016 1437 νύκτας
1041 1414 1082 1437 τε
1109 1396 1170 1436 καὶ
1195 1395 1309 1448 ἦμαρ,
1451 1411 1516 1441 490

190 1462 333 1514 ἀρχοὺς
357 1461 587 1516 λισσομένῳ
614 1466 876 1512 τηλεκλειτῶν
903 1463 1117 1514 ἐπικούρων

190 1526 395 1579 νωλεμέως
421 1527 574 1581 ἐχέμεν,
605 1529 792 1580 κρατερὴν
813 1528 846 1569 δ’
873 1527 1092 1569 ἀποθέσθαι
1118 1528 1294 1578 ἐνιπήν.”

252 1593 330 1636 Ἳὶς
355 1595 458 1647 φάτο
487 1596 714 1646 Σαρπηδών,
743 1595 834 1635 δάκε
861 1597 901 1635 δὲ
927 1594 1074 1648 φρένας
1092 1594 1256 1647 “Έκτορι
1280 1598 1413 1646 μῦθος·

190 1660 326 1700 αὐτίκα
351 1661 383 1701 δ’
409 1662 453 1712 ἐξ
475 1660 602 1714 ὀχέων
630 1662 704 1701 σὺν
732 1662 919 1714 τεύχεσιν
944 1662 1041 1702 ἆλτο
1067 1662 1229 1715 χαμᾶζε,

191 1726 356 1767 πάλλων
382 1728 413 1768 δ’
439 1726 531 1778 ὀξέα
557 1732 673 1779 δοῦρα
700 1730 795 1768 κατὰ
824 1728 993 1780 στρατὸν
1019 1727 1144 1782 ᾤχετο
1171 1727 1311 1784 πάντῃ,
1450 1741 1511 1773 495

191 1794 362 1846 ὀτρύνων
385 1793 655 1848 μαχέσασθαι,
689 1795 814 1847 ἔγειρε
840 1797 880 1835 δὲ
906 1796 1081 1847 φύλοπιν
1106 1793 1228 1844 αἰνήν.

191 1862 225 1900 οἱ
251 1860 283 1900 δ’
309 1862 577 1914 ἐλελίχθησαν
605 1862 666 1901 καὶ
694 1863 863 1902 ἐναντίοι
890 1862 1011 1901 ἔσταν
1037 1861 1223 1914 Ἀχαιῶνε

190 1925 363 1978 Ἀργεῖοι
388 1927 420 1967 δ’
446 1926 656 1978 ὑπέμειναν
682 1927 847 1970 ἀολλέες
873 1927 952 1968 οὐδ’
982 1929 1196 1980 ἐφόβηθεν.

191 1992 241 2034 ὡς
268 1993 300 2033 δ’
326 1993 466 2044 ἄνεμος
491 1994 615 2047 ἄχνας
641 1993 775 2046 φορέει
805 1996 908 2047 ἱερὰς
935 1994 1015 2034 κατ’
1042 1995 1172 2035 ἀλωὰς

189 2060 340 2111 ἀνδρῶν
364 2061 606 2111 λικμώντων,
633 2062 697 2101 ὅτε
722 2079 763 2101 τε
788 2061 908 2111 ξανθὴ
937 2060 1126 2112 Δημήτηρ
1446 2072 1511 2103 500

190 2127 299 2181 κρίνῃ
324 2127 587 2179 ἐπειγομένων
613 2127 766 2177 ἀνέμων
791 2128 938 2178 καρπόν
963 2144 1005 2167 τε
1032 2129 1093 2168 καὶ
1119 2127 1254 2180 ἄχνας,

189 2193 227 2232 αἱ
253 2192 286 2232 δ’
311 2194 658 2234 ὑπολευκαίνονται
684 2195 881 2247 ἀχυρμιαί
922 2194 972 2235 ὣς
997 2193 1076 2233 τότ’
1101 2193 1257 2246 Ἀχαιοὶ

234 2291 296 2320 472
320 2284 440 2313 roTac
457 2281 497 2312 al.
645 2293 708 2322 475
733 2284 811 2324 τῶν]
830 2287 875 2324 τῷ
895 2284 935 2314 L2'
949 2282 1072 2314 M⁸M¹⁴¹
1087 2284 1142 2314 Mo
1156 2284 1200 2314 Pa
1346 2294 1408 2323 477
1433 2283 1460 2316 δ’
1478 2284 1516 2316 αὖ

189 2328 310 2362 bcgh
326 2324 369 2355 al.
385 2336 392 2355 ι
416 2324 449 2357 δὲ
467 2324 553 2364 vulg.
674 2328 736 2365 487
762 2327 863 2359 λίνοιο
881 2337 900 2358 c
918 2327 954 2358 E.
978 2327 1021 2358 M.
1046 2328 1115 2366 183,
1135 2337 1196 2366 33:
1223 2328 1311 2360 λίνου
1328 2341 1364 2359 τε
1382 2327 1428 2358 Ο7

190 2379 254 2408 492
278 2370 427 2409 χαλεπὴν
443 2378 529 2406 aeg·
542 2373 623 2400 hik
640 2369 680 2401 al.
817 2380 881 2409 500
906 2371 959 2402 ὅτε
976 2371 1030 2412 τε]
1050 2371 1114 2402 εὖτ’
1132 2373 1169 2403 ἂν
1187 2371 1271 2402 Ptol.
1289 2371 1367 2402 Asc.

1614 0 1630 24 ¹2
