1624 2802
566 114 624 149 11.
699 110 958 148 ΙΛΙΑΔΟΣ
1006 112 1039 148 Λ

200 208 278 252 ΔΩς
305 210 423 251 εἰπὼν
448 211 591 260 οὔτησε
619 211 699 251 κατ’
725 213 873 252 ἀσπίδα
898 212 1064 253 πάντοσ’
1092 212 1215 264 ἐΐσην.

140 277 202 317 διὰ
225 278 298 327 μὲν
323 277 490 318 ἀσπίδος
513 275 609 326 ἦλθε
635 280 799 329 φαεινῆς
824 281 990 329 ὄβριμον
1015 280 1146 332 ἔγχος,

141 343 203 384 καὶ
228 345 292 383 διὰ
317 343 489 395 θώρηκος
515 343 806 384 πολυδαιδάλου
830 343 1053 396 ἠρήρειστο,

140 408 266 450 πάντα
291 409 323 450 δ’
349 409 426 450 ἀπὸ
451 413 631 462 πλευρῶν
655 411 758 463 χρόα
783 411 960 463 ἔργαθεν,
988 411 1067 451 οὐδ’
1094 411 1147 452 ἔτ’
1174 412 1269 452 ἔασε

140 478 311 518 Παλλὰς
335 475 524 527 Ἀθηναίη
549 476 786 530 μιχθήμεναι
812 478 953 529 ἔγκασι
978 479 1120 530 φωτός.

140 547 219 595 γνῶ
245 542 278 582 δ’
304 543 496 585 Ὀδυσεὺς
520 544 542 583 ὅ
567 545 602 584 οἱ
629 544 673 583 οὔ
697 560 734 583 τι
759 543 874 585 τέλος
901 546 1148 596 κατακαίριον
1176 544 1308 595 ἦλθεν,

140 609 201 662 ἂψ
225 609 258 649 δ’
277 608 541 663 ἀναχωρήσας
566 613 699 651 Σῶκον
725 610 821 661 πρὸς
843 613 965 661 μῦθον
991 611 1131 651 ἔειπεν·

142 678 167 693 “
184 677 208 716 ἆ
232 675 342 724 δείλ’,
370 675 393 726 ἧ
416 675 525 727 μάλα
550 675 595 726 δή
622 693 669 717 σε
696 676 897 729 κιχάνεται
921 677 1034 719 αἰπὺς
1059 679 1232 729 ὄλεθρος.

140 742 226 794 ἤτοι
249 742 322 794 μέν
344 742 386 795 ῥ’
412 742 472 794 ἔμ’
498 743 674 786 ἔπαυσας
700 744 763 784 ἐπὶ
787 744 973 796 Τρώεσσι
998 743 1211 797 μάχεσθαι·

141 811 206 851 σοὶ
231 809 263 850 δ’
288 810 364 862 ἐγὼ
391 809 528 851 ἐνθάδε
554 811 655 862 φημὶ
681 810 807 862 φόνον
832 811 894 851 καὶ
919 812 1016 862 κῆρα
1038 810 1228 860 μέλαιναν

141 876 258 927 ἤματι
283 875 371 931 τῷδ’
397 877 604 923 ἔσσεσθαι,
634 878 712 931 ἐμῷ
739 876 771 916 δ’
797 877 872 917 ὑπὸ
898 877 1003 928 δουρὶ
1028 877 1197 927 δαμέντα

142 943 256 997 εὖχος
280 943 366 994 ἐμοὶ
391 944 546 990 δώσειν,
574 943 711 996 ψυχὴν
737 943 769 983 δ’
788 942 895 983 ’Ἄϊδι
921 943 1196 997 κλυτοπώλῳ.”

201 1009 272 1057 ἦΗ,
301 1010 362 1050 καὶ
387 1011 408 1050 ὁ
432 1012 502 1061 μὲν
529 1009 672 1063 φύγαδ’
698 1010 805 1052 αῧτις
828 1009 1083 1062 ὑποστρέψας
1108 1008 1309 1060 ἐβεβήκει,

142 1081 194 1131 τῷ
220 1078 260 1117 δὲ
285 1076 627 1129 μεταστρεφθέντι
650 1076 883 1131 μεταφρένῳ
909 1078 950 1116 ἐν
976 1077 1068 1127 δόρυ
1093 1075 1214 1126 πῆξεν

143 1143 257 1194 ὤμων
280 1144 497 1196 μεσσηγύς,
529 1146 591 1184 διὰ
616 1145 657 1184 δὲ
684 1142 909 1195 στήθεσφιν
936 1144 1102 1189 ἔλασσε,

143 1210 341 1261 δούπησεν
366 1212 406 1251 δὲ
431 1210 580 1251 πεσών·
619 1211 638 1249 ὁ
665 1210 697 1250 δ’
725 1209 912 1260 ἐπεύξατο
938 1212 1019 1251 δῖος
1045 1209 1277 1250 Ὀδυσσεύς·

145 1278 169 1294 “
185 1275 214 1317 ὦ
241 1276 359 1330 Σῶχ’,
384 1276 580 1318 Ἱππάσου
605 1279 663 1318 υἱὲ
690 1276 900 1328 δαΐφρονος
927 1275 1175 1326 ἱπποδάμοιο,

144 1345 225 1395 φθῆ
252 1360 299 1384 σε
323 1342 438 1386 τέλος
463 1343 644 1384 θανάτοιο
672 1342 895 1396 κιχήμενον,
923 1342 1001 1383 οὐδ’
1025 1341 1235 1392 ὑπάλυξας.

144 1410 168 1450 ἆ
192 1409 301 1456 δείλ’,
329 1410 372 1449 οὐ
395 1412 467 1461 μὲν
494 1411 561 1450 σοί
583 1427 628 1462 γε
653 1409 779 1461 πατὴρ
805 1410 867 1450 καὶ
891 1410 1031 1449 πότνια
1053 1407 1176 1460 μήτηρ

144 1478 244 1517 ὄσσε
271 1476 557 1529 καθαιρήσουσι
582 1477 741 1516 θανόντι
766 1493 849 1527 περ,
877 1475 969 1515 ἀλλ’
995 1476 1125 1515 οἰωνοὶ

146 1543 323 1594 ὠμησταὶ
350 1543 520 1594 ἐρύουσι,
549 1544 636 1594 περὶ
662 1543 783 1593 πτερὰ
808 1543 933 1582 πυκνὰ
957 1541 1164 1591 βαλόντες.

146 1610 265 1662 αὐτὰρ
291 1609 362 1660 ἔμ’,
391 1611 427 1650 εἴ
451 1626 491 1649 κε
516 1608 632 1654 θάνω,
663 1609 860 1660 κτεριοῦσί
882 1625 927 1659 γε
952 1610 1027 1647 δῖοι
1050 1606 1243 1659 Ἀχαιοί.”

206 1674 285 1717 ⁶529
310 1676 430 1716 εἰπὼν
456 1676 603 1715 Σώκοιο
631 1675 843 1727 δαΐφρονος
868 1676 1035 1725 ὄβριμον
1061 1673 1177 1725 ἔγχος

147 1741 221 1793 ἔξω
246 1759 288 1783 τε
313 1742 431 1796 χροὸς
456 1743 547 1783 ἕλκε
572 1742 634 1782 καὶ
661 1742 827 1782 ἀσπίδος
852 1738 1153 1791 ὀμφαλοέσσης·

148 1810 242 1860 αἷμα
266 1809 308 1850 δέ
332 1811 368 1850 οἱ
393 1808 643 1850 σπασθέντος
668 1807 876 1852 ἀνέσσυτο,
906 1808 994 1856 κῆδε
1019 1808 1059 1845 δὲ
1086 1805 1218 1855 θυμόν.

147 1878 278 1927 Τρῶες
303 1878 344 1917 δὲ
368 1875 584 1928 μεγάθυμοι
609 1875 712 1915 ὅπως
737 1876 820 1914 ’ίδον
845 1873 918 1923 αἶμ4
951 1872 1161 1921 Ὀδυσῆος,

151 1943 378 1993 κεκλόμενοι
403 1942 486 1982 καθ’
511 1942 651 1992 ὅμιλον
676 1940 736 1981 ἐπ’
762 1941 863 1994 αὐτῷ
888 1938 1031 1980 πάντες
1056 1938 1221 1987 ἔβησαν.

150 2009 271 2061 αὐτὰρ
294 2010 316 2048 ὅ
340 2008 376 2061 γ’
403 2007 574 2059 ἐξοπίσω
600 2007 824 2060 ἀνεχάζετο,
852 2007 920 2046 αὖε
945 2005 978 2045 δ’
1003 2004 1187 2055 ἑταίρους.

149 2075 232 2126 τρὶς
254 2078 326 2126 μὲν
351 2075 470 2116 ἔπειτ’
494 2074 616 2125 ἤϋσεν
641 2075 738 2114 ὅσον
766 2072 920 2124 κεφαλὴ
946 2071 1043 2124 χάδε
1069 2069 1211 2122 φωτός,

1395 294 1457 325 435

1391 625 1458 656 440

1397 957 1458 986 445

1398 1287 1463 1318 450

1403 1618 1463 1648 455

1403 1938 1468 1978 460

191 2181 252 2210 437
288 2170 369 2212 χρόα
394 2170 487 2208 Zen.‚
517 2169 636 2200 codd.:
673 2169 768 2209 χροὸς
796 2166 857 2197 Ar.
1029 2174 1091 2202 439
1124 2164 1219 2195 τέλος
1243 2162 1301 2193 Ar.
1334 2161 1470 2201 (σχεδὸν

149 2214 284 2251 ἅπασαι)
302 2215 332 2244 Α
344 2214 418 2244 Ge:
442 2213 540 2250 βέλος
559 2212 639 2242 Zen.
660 2216 722 2242 cet.
885 2218 943 2247 441
971 2207 1006 2248 ἆ]
1024 2208 1046 2239 ὦ
1065 2212 1089 2237 h
1103 2207 1130 2237 C
1143 2205 1197 2236 L¹²3
1209 2205 1257 2236 Μ4
1269 2204 1316 2236 Οἳ
1327 2204 1384 2235 V¹‘³

150 2269 213 2296 444
238 2258 368 2297 δαμέντι
384 2260 428 2287 fo
441 2266 492 2292 qr
509 2255 550 2285 al.
567 2266 574 2285 z
599 2254 734 2293 δαμέντε
751 2258 776 2284 h
902 2262 960 2290 451
989 2251 1086 2287 βέλος
1103 2250 1182 2280 Zen.
1310 2258 1372 2287 452
1397 2248 1470 2279 δύσ-

148 2314 254 2343 μορος,
274 2303 338 2333 οὐδ’
355 2301 414 2341 ἄρα
432 2303 476 2340 τῷ
493 2312 531 2339 γε
549 2299 603 2329 cit.
626 2298 710 2328 Plut.
732 2306 824 2327 cons.
843 2296 884 2325 ad
903 2294 1014 2334 Apoll.
1038 2304 1095 2332 117
1113 2294 1132 2323 b
1293 2302 1356 2331 455
1381 2291 1428 2330 ἔμ’
1447 2293 1476 2322 εἴ

151 2357 185 2376 κε
204 2368 211 2376 .
234 2367 241 2374 .
263 2367 270 2374 .
290 2356 329 2385 ’γε
354 2342 411 2374 ΑΓ.
434 2353 440 2372 :
472 2342 541 2373 ἐπεί
565 2355 599 2374 κε
620 2365 626 2371 .
648 2365 654 2372 .
676 2365 682 2371 .
703 2353 741 2379 με
768 2340 868 2378 vul-g.
897 2338 952 2368 cit.
977 2337 1099 2368 Alexio
1124 2337 1163 2367 ad
1190 2344 1250 2375 454
1270 2334 1358 2375 (ἔμ’.

1381 2347 1470 2372 ..με

151 2387 197 2432 0²
209 2385 279 2427 V¹‘³)
419 2386 480 2425 458
505 2385 547 2426 οἱ]
566 2384 601 2417 οὗ
619 2384 698 2415 Zen.
838 2392 900 2421 459
926 2383 1007 2414 ὅπως
1025 2380 1150 2418 dqu
1163 2380 1189 2410 T
1208 2380 1248 2410 al.
1265 2391 1270 2410 :
1297 2379 1363 2410 ἐπεὶ
1382 2377 1468 2416 vulg.
