1629 2828
513 143 545 177 1.
619 136 878 174 ΙΛΙΑΔΟΣ
947 137 980 173 Α
1204 117 1305 187 -vfs

97 242 288 304 &Qayfav
312 242 344 283 δ’
368 241 426 294 ἄρ’
451 243 577 301 &EQ-⁷02
603 241 662 283 ἐπ’
689 242 803 293 ὤμων
827 239 1055 298 χωομένοιο,

96 308 209 352 αὐτοῦ
233 308 465 360 κινηθέντος·
503 309 524 348 ὁ
549 307 580 348 δ’
604 307 665 358 ἤϊε
689 309 794 349 νυκτὶ
820 307 964 361 ἐοικώς.

96 376 189 427 ἕζετ’
214 366 329 417 ἔπειτ’
353 374 547 433 ἀπάνευθε
570 378 679 430 νεῶν,
705 375 803 425 μετὰ
828 373 860 413 δ’
886 372 945 414 ἱὸν
969 373 1070 430 ἕῃκε·

95 442 196 492 δεινὴ
221 444 261 483 δὲ
287 431 441 494 κλαγγὴ.
464 440 588 493 γένετ’
613 439 815 492 ἀργυρέοιο
839 443 959 491 βιοῖο·

94 508 230 560 οὐρῆας
252 509 323 559 μὲν
348 511 501 559 πρῶτον
526 504 701 562 ἐπῴχετο
728 507 789 547 καὶ
815 507 929 549 κύνας
953 506 1108 558 ἀργούς,
1369 518 1412 551 50

94 574 210 626 αὐτὰρ
235 573 352 615 ἔπειτ’
378 573 531 614 αὐτοῖσι
554 572 678 624 βέλος
703 574 910 626 ἐχεπευκὲς
934 573 1061 625 ἐφιεὶς

94 640 226 692 βάλλ’·
264 641 337 681 αἰεὶ
362 642 403 681 δὲ
428 641 543 692 πυραὶ
568 640 713 680 νεκύων
739 640 892 680 καίοντο
919 639 1085 690 θαμειαί.

158 707 352 758 Ἐννῆμαρ
376 708 448 758 μὲν
473 707 546 747 ἀνὰ
572 705 741 759 στρατὸν
765 705 885 761 ᾤχετο
912 708 1012 756 κῆλα
1038 708 1154 752 θεοῖο,

92 780 139 831 τῇ
163 772 300 829 δεκάτῃ
326 772 357 814 δ’
383 771 573 825 ἀγορήνδε
599 772 824 813 καλέσσατο
848 771 947 812 λαὸν
971 771 1197 824 Ἀχιλλεύς·

92 844 143 894 τῷ
168 841 242 892 γὰρ
267 841 329 880 ἐπὶ
354 840 474 891 φρεσὶ
500 841 592 889 θῆκε
617 841 685 880 θεὰ
709 839 951 881 λευκώλενος
968 837 1089 890 ”Ηρη·
1371 852 1409 882 55

94 905 227 956 κήδετο
252 907 326 958 γὰρ
353 909 532 951 Δαναῶν,
559 906 619 945 ὅτι
641 906 691 957 ῥα
716 906 957 961 θνῄσκοντας
981 906 1108 956 ὁρᾶτο.

93 974 128 1013 οἱ
153 972 184 1012 δ’
211 973 293 1013 ἐπεὶ
318 972 384 1012 οῧν
408 971 572 1024 ἤγερθεν
597 971 807 1024 ὁμηγερέες
831 971 864 1011 τ’
889 970 1083 1023 ἐγένοντο,

92 1043 196 1079 τοῖσι
221 1038 252 1079 δ’
278 1038 535 1089 ἀνιστάμενος
557 1037 709 1090 μετέφη
735 1038 856 1080 πόδας
880 1037 977 1079 ὠκὺς
1002 1037 1231 1089 Ἀχιλλεύς·

95 1107 120 1123 “
136 1104 325 1157 Ἀτρεΐδη,
352 1108 420 1145 νῦν
443 1104 545 1155 ἄμμε
573 1102 979 1156 παλιμπλαγχθέντας
1002 1102 1071 1143 ὀΐω

93 1171 153 1223 ἂψ
177 1169 476 1221 ἀπονοστήσειν,
505 1172 540 1211 εἴ
563 1187 627 1211 κεν
652 1170 819 1210 θάνατόν
843 1187 889 1222 γε
914 1170 1119 1222 φύγοιμεν,
1370 1174 1411 1205 60

94 1239 126 1278 εἰ
151 1238 194 1287 δὴ
220 1238 314 1289 ὁμοῦ
339 1237 509 1287 πόλεμός
533 1254 574 1277 τε
599 1240 701 1291 δαμᾷ
727 1237 788 1277 καὶ
812 1235 948 1287 λοιμὸς
973 1235 1170 1289 Ἀχαιούς·

94 1303 182 1345 ἀλλ’
207 1303 277 1356 ἄγε
301 1302 346 1353 δή
371 1320 458 1344 τινα
480 1302 619 1353 μάντιν
644 1304 817 1353 ἐρείομεν
840 1299 864 1352 ἢ
890 1304 1012 1355 ἱερῆα,

94 1367 116 1420 ἢ
143 1371 202 1411 καὶ
226 1370 600 1421 ὀνειροπόλον-καὶ
625 1369 698 1422 γάρ
723 1368 757 1409 τ’
782 1370 875 1421 ὅναρ
901 1370 943 1410 ἐκ
969 1369 1065 1411 Διός
1090 1369 1258 1409 ἐστιν-

94 1436 134 1478 ὅς
160 1436 191 1476 κ’
217 1438 317 1477 εἴποι
340 1437 362 1475 ὅ
384 1453 422 1476 τι
445 1437 594 1476 τόσσον
619 1436 799 1489 ἐχώσατο
824 1438 977 1486 Φοῖβος
1001 1435 1223 1481 Ἀπόλλων,

95 1502 162 1543 εἴτ’
187 1502 244 1555 ἄρ’
269 1503 291 1542 ὅ
314 1502 351 1554 γ’
376 1502 553 1555 εὐχωλῆς
579 1502 841 1554 ἐπιμέμφεται
865 1501 935 1543 εἴθ’
961 1502 1196 1552 ἑκατόμβης,
1368 1506 1409 1545 65

94 1570 134 1609 αἵ
157 1568 221 1609 κέν
245 1586 326 1611 πως
349 1569 476 1621 ἀρνῶν
501 1570 635 1619 κνίσης
661 1570 782 1620 αἰγῶν
805 1586 847 1610 τε
871 1569 1033 1609 τελείων

94 1635 282 1686 βούλεται
306 1635 494 1677 ἀντιάσας
518 1635 609 1685 ἡμῖν
635 1634 710 1675 ἀπὸ
735 1634 873 1687 λοιγὸν
897 1632 1074 1685 ἀμῦναι.”
1090 1659 1118 1672 s

154 1700 273 1741 '‘Hroc.
296 1702 318 1741 ὅ
341 1701 377 1753 γ’
403 1702 454 1743 ὣς
479 1701 597 1742 εἰπὼν
623 1700 704 1741 κατ’
730 1700 788 1754 ἄρ’
814 1701 933 1751 ἕζετο·
970 1704 1075 1741 τοῖσι
1098 1700 1130 1741 δ’
1155 1699 1300 1751 ἀνέστη

95 1767 256 1820 Κάλχας
282 1769 537 1819 Θεστορίδης,
563 1768 815 1808 οἰωνοπόλων
840 1767 901 1821 ὄχ’
927 1767 1096 1820 ἄριστος,

94 1832 135 1876 ὃς
157 1833 229 1890 ᾔδη
254 1833 301 1873 τά
324 1833 357 1874 τ’
384 1834 498 1874 ἐόντα
521 1833 570 1875 τά
593 1834 627 1874 τ’
653 1835 851 1884 ἐσσόμενα
875 1834 951 1886 πρό
973 1833 1006 1875 τ’
1033 1834 1158 1880 ἐόντα,
1369 1846 1409 1875 70

97 1900 155 1940 καὶ
179 1899 315 1950 νήεσσ’
338 1899 505 1952 ἡγήσατ’
530 1899 704 1953 Ἀχαιῶν
722 1899 847 1940 Ἴλιον
873 1902 966 1941 εἵσω

94 1964 142 2016 ἣν
165 1967 226 2006 διὰ
248 1967 508 2017 μαντοσύνην,
534 1966 604 2016 τήν
629 1968 664 2007 οἱ
688 1967 785 2018 πόρε
809 1970 961 2017 Φοῖβος
983 1965 1207 2007 Ἀπόλλων·

97 2032 119 2071 ὅ
141 2037 237 2084 σφιν
262 2032 484 2085 ἐϋφρονέων
508 2031 731 2085 ἀγορήσατο
758 2033 820 2074 καὶ
843 2032 1058 2084 μετέειπεν·

139 2123 243 2161 46—47
268 2122 334 2153 ath.
351 2122 432 2153 Zen.
537 2132 578 2161 47
604 2122 730 2164 ἐοικώς]
748 2123 891 2156 ἐλυσθείς
908 2123 989 2154 Zen.
1096 2124 1138 2162 56
1163 2126 1257 2165 ὁρῆτο
1274 2124 1355 2156 Zen.

95 2172 138 2202 59
170 2166 497 2207 παλιμπλαγχθέντας
530 2165 589 2196 Ar.
622 2166 737 2205 vulg:
768 2166 869 2199 πάλιν
898 2166 1129 2207 πλαγχθέντας
1164 2166 1203 2196 L8
1221 2167 1278 2198 L¹⁰
1295 2167 1358 2198 Μ10

95 2207 137 2236 60
161 2206 204 2247 εἴ]
223 2208 254 2239 οἵ
266 2207 346 2239 Zen.
456 2210 499 2248 63
522 2209 589 2239 ath.
607 2208 688 2240 Zen.
794 2211 835 2247 65
860 2212 890 2242 εἴ
901 2223 961 2251 ταρ
978 2209 1071 2241 Hdn.
1164 2209 1234 2251 εἴθ’]
1253 2211 1303 2249 ἠδ’
1322 2211 1413 2242 Hdn.

96 2250 327 2281 hioABCT
484 2252 527 2282 68
551 2251 717 2291 ἐκαθέζετο
733 2251 814 2283 Zen.
970 2254 1014 2291 69
1038 2253 1185 2293 Κάλχας]
1204 2253 1316 2292 μάντις
1333 2254 1415 2285 Zen.

97 2297 172 2332 post
194 2293 236 2333 69
259 2294 325 2324 duo
348 2304 468 2325 versus
492 2295 534 2325 de
558 2294 742 2326 Calchante
767 2295 875 2326 lectos
899 2296 1004 2326 fuisse
1027 2296 1071 2327 ait
1096 2296 1219 2336 Porph.
1245 2307 1298 2337 ap.
1319 2297 1411 2329 Eust.

161 2345 201 2375 73
224 2336 257 2369 ὅς
272 2350 327 2376 μιν
343 2337 549 2378 ἀμειβόμενος
568 2338 645 2370 ἔπεα
661 2338 837 2380 πτερόεντα
853 2339 1017 2381 προσηύδα
1032 2339 1112 2370 Zen.
1248 2384 1284 2413 1²¹<
