1670 2828
728 735 980 783 ΙΛΙΑΔΟΣ
1041 742 1075 782 Β

346 915 575 983 ’Όνειρος
648 917 851 966 Βοιωτία
874 917 904 979 ἢ
930 916 1198 982 κατάλογος
1220 919 1312 966 τῶν
1335 920 1451 967 νεῶν

230 1043 378 1083 ’Ἄλλοι
401 1041 474 1093 μέν
497 1042 547 1094 ῥα
573 1042 656 1082 θεοί
677 1058 720 1082 τε
746 1042 808 1082 καὶ
834 1040 969 1094 ἀνέρες
995 1041 1279 1092 ἱπποκορυσταὶ

237 1111 346 1151 εὗδον
371 1109 591 1162 παννύχιοι,
621 1109 700 1148 Δία
725 1107 756 1148 δ’
784 1108 851 1148 οὐκ
876 1109 945 1161 ἔχε
969 1107 1137 1158 νήδυμος
1160 1108 1291 1154 ὕπνος,

237 1176 328 1217 ἀλλ’
354 1177 375 1215 ὅ
398 1193 444 1227 γε
467 1174 675 1227 μερμήριζε
703 1177 797 1214 κατὰ
823 1174 949 1226 φρένα
975 1175 1024 1216 ὡς
1050 1174 1223 1227 Ἀχιλῆα

237 1242 419 1294 τιμήσει’,
447 1241 588 1282 ὀλέσαι
613 1243 653 1282 δὲ
678 1241 825 1283 πολέας
850 1242 913 1282 ἐπὶ
939 1241 1079 1292 νηυσὶν
1105 1241 1291 1294 Ἀχαιῶν.

237 1310 305 1360 ἥδε
330 1309 373 1350 δέ
398 1311 433 1350 οἱ
459 1310 555 1348 κατὰ
581 1308 701 1359 θυμὸν
726 1309 865 1359 ἀρίστη
892 1309 1055 1360 φαίνετο
1079 1307 1222 1359 βουλή,
1550 1323 1568 1354 5

238 1376 395 1428 πέμψαι
419 1375 480 1415 ἐπ’
507 1375 685 1431 Ἀτρεΐδῃ
710 1374 975 1427 Ἀγαμέμνονι
999 1375 1117 1415 οὖλον
1137 1374 1335 1427 ”Ονειρον·

239 1445 306 1483 καί
326 1459 392 1493 μιν
418 1441 608 1494 φωνήσας
633 1442 728 1482 ἔπεα
753 1443 967 1493 πτερόεντα
992 1442 1207 1493 προσηύδα·

241 1512 265 1527 “
282 1508 404 1560 βάσκ’
430 1510 495 1554 ἴθι,
524 1509 616 1548 οὖλε
635 1507 807 1560 ”Ονειρε,
835 1510 929 1550 θοᾶς
956 1509 1019 1549 ἐπὶ
1045 1511 1138 1559 νῆας
1163 1509 1350 1563 Ἀχαιῶν·

241 1577 367 1616 ἐλθὼν
393 1577 432 1618 ἐς
459 1576 618 1625 κλισίην
642 1575 935 1627 Ἀγαμέμνονος
959 1574 1167 1627 Ἀτρεΐδαο

240 1642 368 1683 πάντα
391 1641 484 1693 μάλ’
509 1641 700 1693 ἀτρεκέως
726 1641 962 1694 ἀγορευέμεν
989 1642 1038 1683 ὡς
1066 1642 1275 1683 ἐπιτέλλω·
1526 1658 1570 1682 ,ιο

243 1708 416 1761 θωρῆξαί
438 1711 455 1750 ἑ
483 1708 615 1749 κέλευε
642 1708 736 1760 κάρη
764 1709 986 1759 κομόωντας
1012 1708 1198 1762 Ἀχαιοὺς

242 1777 449 1831 πανσυδίῃ·
487 1779 556 1816 νῦν
581 1775 655 1828 γάρ
682 1793 747 1816 κεν
773 1777 858 1816 ἕλοι
882 1776 998 1816 πόλιν
1024 1775 1253 1828 εὐρυάγυιαν

242 1843 401 1894 Τρώων·
440 1842 484 1882 οὐ
508 1844 582 1894 γὰρ
607 1842 659 1882 ἔτ’
685 1843 808 1894 ἀμφὶς
834 1842 1035 1892 Ὀλύμπια
1060 1843 1204 1893 δώματ’
1231 1843 1391 1897 ἔχοντες

244 1908 430 1949 ἀθάνατοι
456 1908 682 1960 φράζονται·
721 1908 979 1961 ἐπέγναμψεν
1005 1911 1078 1961 γὰρ
1104 1909 1279 1952 ἅπαντας

237 1975 345 2027 ’Ἡρη
371 1974 607 2026 λισσομένη,
634 1975 820 2027 Τρώεσσι
845 1978 886 2016 δὲ
914 1975 1016 2026 κήδε’
1041 1977 1254 2029 ἐφῆπται.”
1533 1991 1569 2022 15

306 2041 386 2084 ὑΩς
410 2041 526 2094 φάτο,
553 2044 608 2092 βῆ
636 2041 668 2082 δ’
694 2041 752 2093 ἄρ’
772 2041 968 2094 ’Όιέιρος,
997 2044 1081 2084 ἐπεὶ
1106 2044 1173 2084 τὸν
1197 2046 1321 2095 μῦθον
1346 2044 1503 2086 ἄκουσε·

248 2109 499 2160 καρπαλίμως
524 2108 557 2148 δ’
583 2109 690 2149 ἵκανε
717 2111 809 2150 θοὰς
835 2111 899 2150 ἐπὶ
926 2113 1018 2160 νῆας
1044 2111 1231 2164 Ἀχαιῶν,

297 2214 309 2234 1
335 2204 435 2236 ὧλλοι
452 2204 533 2235 Zen.
624 2215 643 2235 2
670 2206 727 2246 ἔχε
748 2206 882 2244 νήδυμος
902 2205 961 2237 Ar.
985 2207 1074 2245 vulg.
1092 2218 1099 2237 z
1127 2207 1204 2248 ἔχεν
1220 2208 1337 2248 ἥδυμος
1355 2219 1386 2240 ν.
1400 2209 1420 2240 l.
1441 2214 1511 2241 ant.
1532 2208 1578 2241 0⁶

249 2260 300 2289 γρ.
323 2247 412 2285 Bm⁵‚
430 2248 470 2279 cf.
491 2251 508 2280 δ
526 2257 588 2287 793
604 2262 626 2288 μ
646 2258 718 2288 311,
738 2249 770 2280 h.
792 2248 910 2280 Herm.
927 2260 1002 2290 241,
1019 2261 1083 2290 449
1171 2262 1192 2289 4
1216 2252 1357 2292 τιμήσει’
1370 2252 1423 2283 cit.
1438 2253 1575 2285 scholl.:

250 2291 378 2330 τιμήσει
398 2290 464 2330 ΕΓΖ,
485 2301 531 2322 ss,
555 2292 588 2321 in
605 2291 636 2321 A
649 2292 697 2322 T:
722 2293 843 2334 τιμήσῃ
861 2294 949 2332 vulg.
1079 2293 1192 2326 ὀλέσαι
1210 2295 1369 2334 Spitzner
1383 2296 1425 2327 al.
1445 2308 1452 2326 :
1476 2296 1575 2338 ὀλέσῃ

250 2334 346 2365 codd.
438 2337 537 2367 πολῦς
554 2335 633 2366 Zen.
775 2338 796 2366 6
820 2335 986 2378 Ἀτρείδην
1003 2337 1226 2378 Ἀγαμέμνονα
1241 2349 1263 2375 q
1274 2337 1315 2369 L8
1327 2338 1383 2370 L¹⁰
1397 2338 1451 2369 L¹⁸
1461 2339 1512 2368 M·¹
1523 2338 1577 2370 Mc

251 2377 292 2407 Vl
305 2377 345 2409 al.
476 2388 514 2408 12
540 2378 608 2410 ἕλοι
632 2378 713 2410 Zen.
737 2379 846 2419 vulg:
884 2380 969 2412 ἕλοις
993 2380 1051 2411 ΑΓ.
1077 2380 1190 2411 cAL2
1206 2381 1259 2412 Mc
1323 2385 1326 2387 ’
1389 2392 1426 2422 15
1450 2383 1576 2423 δίδομεν

251 2420 287 2453 δέ
301 2423 329 2453 οἵ
346 2421 441 2463 εὖχος
459 2421 587 2464 ἀρέσθαι
605 2422 712 2454 Arist.
731 2428 821 2463 poet.
845 2433 897 2463 25,
917 2424 1012 2463 soph.
1035 2423 1077 2456 el.
1097 2436 1116 2463 4
