1670 2828
649 152 682 185 3.
760 146 1014 183 ΙΛΙΑΔΟΣ
1059 149 1087 184 Γ

265 251 344 291 Τὸν
371 250 403 290 δ’
429 250 605 301 ἠμείβετ’
632 250 754 291 ἔπειθ’
780 250 925 301 Ἑλένη
956 250 1052 293 Διὸς
1077 252 1297 304 ἐκγεγαυῖα·

201 319 225 334 “
242 316 354 359 οὗτος
379 316 410 357 δ’
437 317 483 357 αὖ
509 317 750 369 Λαερτιάδης
778 317 994 367 πολύμητις
1020 317 1255 365 Ὀδυσσεύς,

199 383 240 425 ὃς
265 383 393 436 τράφη
422 385 462 424 ἐν
489 383 594 438 δήμῳ
620 383 775 434 Ἰθάκης
803 385 971 436 κραναῆς
998 401 1068 436 περ
1096 385 1238 435 ἐούσης

199 450 309 492 εἰδὼς
334 451 541 491 παντοίους
566 467 608 490 τε
632 451 771 492 δόλους
799 450 862 490 καὶ
885 449 1010 501 μήδεα
1037 450 1232 491 πυκνάῖἏ

264 516 349 566 Τὴν
374 516 406 556 δ’
431 516 513 557 αὖτ’
539 515 739 568 Ἀντήνωρ
765 516 1008 567 πεπνυμένος
1036 517 1169 558 ἀντίον
1192 518 1301 568 ηὔδα·

201 585 211 600 ‘
243 581 272 622 ὦ
297 583 424 634 γύναι,
452 582 475 633 ἦ
499 582 608 634 μάλα
632 586 744 623 τοῦτο
773 583 865 625 ἔπος
893 585 1079 635 νημερτὲς
1106 584 1247 626 ἔειπες·

199 649 270 699 ἤδη
296 651 370 700 γὰρ
396 649 457 689 καὶ
481 649 593 701 δεῦρό
618 649 702 690 ποτ’
729 649 851 700 ἤλυθε
876 652 957 691 δῖος
983 649 1205 692 Ὀδυσσεὺς

200 718 271 755 σεῦ
295 715 394 756 ἕνεκ’
419 716 611 767 ἀγγελίης
637 715 710 756 σὺν
736 716 933 771 ἀρηϊφίλῳ
964 716 1172 771 Μενελάῳ·

199 782 288 823 τοὺς
313 781 345 820 δ’
372 782 449 833 ἐγὼ
475 781 679 832 ἐξείνισσα
705 784 767 823 καὶ
794 784 835 823 ἐν
859 783 1069 835 μεγάροισι
1097 784 1268 835 φίλησα,

200 848 434 899 ἀμφοτέρων
460 851 502 889 δὲ
528 849 632 900 φυὴν
659 848 776 900 ἐδάην
803 851 864 890 καὶ
889 849 1012 900 μήδεα
1040 851 1177 891 πυκνά.

201 914 291 954 ἀλλ’
317 915 382 954 ὅτε
407 914 451 964 δὴ
478 916 688 966 Τρώεσσιν
714 917 756 956 ἐν
783 915 1060 968 ἀγρομένοισιν
1090 918 1263 970 ἔμιχθεν,

202 980 380 1022 στάντων
405 983 475 1031 μὲν
503 981 711 1024 Μενέλαος
736 984 942 1036 ὑπείρεχεν
969 983 1104 1035 εὐρέας
1131 984 1268 1034 ὤμους,

201 1047 318 1099 ι”ιμφω
344 1047 376 1087 δ’
405 1048 574 1098 ἑζομένω
600 1049 863 1101 γεραρώτερος
889 1048 956 1099 ἦεν
981 1049 1215 1093 Ὀδυσσεύς·

201 1113 291 1153 ἀλλ’
317 1114 381 1154 ὅτε
407 1114 452 1164 δὴ
477 1115 620 1165 μύθους
647 1117 707 1155 καὶ
731 1115 856 1166 μήδεα
879 1119 1002 1157 πᾶσιν
1028 1118 1208 1169 ὕφαινον,

201 1181 287 1231 ἤτοι
310 1183 383 1231 μὲν
408 1180 616 1224 Μενέλαος
643 1182 907 1235 ἐπιτροχάδην
933 1184 1108 1235 ἀγόρευε,

202 1250 328 1299 παῦρα
351 1247 435 1298 μέν,
464 1249 570 1288 ἀλλὰ
593 1248 703 1299 μάλα
724 1248 881 1301 λιγέως,
911 1251 995 1290 ἐπεὶ
1021 1250 1064 1289 οὐ
1092 1251 1314 1301 πολύμυθος

202 1313 279 1353 οὐδ’
305 1314 626 1366 ἀφαμαρτοεπής·
665 1314 688 1365 ἦ
714 1317 775 1356 καὶ
802 1316 906 1367 γένει
932 1317 1097 1368 ὕστερος
1123 1316 1204 1367 ἦεν.

203 1380 293 1420 ἀλλ’
318 1381 384 1421 ὅτε
409 1381 454 1431 δὴ
480 1382 696 1432 πολύμητις
723 1381 915 1432 ἀναΐξειεν
941 1383 1175 1428 Ὀδυσσεύς,

204 1446 391 1493 στάσκεν,
418 1448 511 1488 ὑπαὶ
537 1450 577 1488 δὲ
604 1450 734 1489 ἴδεσκε
763 1451 859 1488 κατὰ
884 1449 1025 1502 χθονὸς
1051 1452 1206 1500 ὄμματα
1237 1449 1374 1501 πήξας,

204 1516 405 1565 σκῆπτρον
430 1513 462 1554 δ’
489 1514 567 1554 οὔτ’
592 1515 721 1555 ὀπίσω
746 1516 835 1556 οὔτε
859 1519 1078 1569 προπρηνὲς
1103 1517 1245 1567 ἐνώμα,

204 1579 294 1620 ἀλλ’
319 1581 522 1633 ἀστεμφὲς
548 1581 727 1634 ἔχεσκεν,
758 1582 880 1635 ἀΐδρεϊ
904 1583 1006 1634 φωτὶ
1030 1584 1177 1625 ἐοικώς·

205 1648 324 1699 φαίης
352 1664 393 1688 κε
420 1647 580 1697 ζάκοτόν
606 1648 648 1688 τέ
673 1648 744 1689 τιν’
772 1649 933 1700 ἔμμεναι
958 1649 1114 1701 ἄφρονά
1141 1650 1175 1690 τ’
1201 1651 1337 1692 αὔτως.

204 1713 295 1753 ἀλλ’
322 1715 387 1754 ὅτε
413 1713 458 1764 δὴ
485 1716 562 1754 ὅπα
586 1732 627 1755 τε
650 1714 829 1767 μεγάλην
857 1717 898 1755 ἐκ
924 1715 1090 1765 στήθεος
1116 1718 1173 1768 εἴη

207 1780 268 1819 καὶ
294 1780 390 1820 ἔπεα
414 1781 655 1833 νιφάδεσσιν
681 1783 835 1822 ἐοικότα
859 1784 1120 1839 χειμερίῃσιν,

205 1847 272 1886 οὐκ
299 1846 346 1887 ἂν
372 1847 492 1888 ἔπειτ’
520 1847 689 1898 Ὀδυσῆΐ
713 1848 748 1900 γ’
776 1850 950 1900 ἐρίσσειε
978 1850 1123 1901 βροτὸς
1148 1851 1284 1894 ἄλλος·

206 1912 250 1951 οὐ
273 1914 362 1954 τότε
387 1913 423 1965 γ’
448 1914 514 1954 ὧδ’
542 1914 738 1964 Ὀδυσῆος
763 1916 1014 1967 ἀγασσάμεθ’
1041 1917 1142 1959 εἶδος
1168 1918 1356 1960 ι’δόντες.”

272 1979 329 2019 Τὸ
355 1980 486 2032 τρίτον
512 1980 594 2020 αὖτ’
622 1983 770 2022 Αἴαντα
797 1984 888 2023 ἰδὼν
916 1983 1051 2035 ἐρέειν’
1080 1985 1099 2022 ὁ
1124 1987 1292 2037 γεραιός·

209 2048 232 2063 “
249 2047 307 2087 τίς
332 2045 364 2086 τ’
391 2046 450 2098 ἄρ’
475 2047 530 2087 ὅδ’
557 2047 680 2089 ἄλλος
705 2049 869 2102 Ἀχαιὸς
895 2050 991 2102 ἀνὴρ
1017 2051 1085 2100 ἠΰς
1109 2069 1151 2092 τε
1175 2051 1297 2104 μέγας
1322 2068 1375 2096 τε,

207 2112 346 2165 ἔξοχος
373 2113 562 2165 Ἀργείων
589 2115 767 2167 κεφαλήν
793 2134 833 2157 τε
861 2119 922 2158 καὶ
949 2117 1082 2169 εὐρέας
1108 2119 1279 2169 ὤμους;”

274 2180 355 2219 Τὸν
379 2179 413 2219 δ’
439 2179 583 2230 Ἑλένη
611 2183 858 2225 τανύπεπλος
883 2184 1084 2234 ἀμείβετο,
1113 2189 1175 2225 δῖα
1200 2189 1404 2237 γυναικῶν·

1464 333 1527 356 200

1465 665 1528 696 205

1467 998 1529 1021 210

1468 1663 1531 1686 220

1473 1998 1532 2028 2²5

251 2280 314 2308 206
339 2278 409 2318 σεῦ]
430 2280 488 2315 σῆς
505 2278 585 2310 Zen.
609 2279 663 2309 ΡΠ
754 2291 812 2311 211
841 2281 996 2322 ἑζομένων
1013 2282 1094 2314 Zen.
1114 2288 1190 2321 fop
1204 2285 1230 2315 B
1244 2283 1410 2318 TV15=V15
1425 2287 1469 2320 al·

207 2331 268 2352 212
294 2322 422 2361 ἔφαινον
439 2321 489 2352 Ve
703 2334 763 2363 215
788 2324 807 2362 ἦ
829 2325 876 2365 χῆ)
898 2325 968 2358 Nic.
991 2326 1082 2358 Hdn.
1099 2324 1142 2375 1?
1154 2327 1207 2359 fA
1223 2328 1308 2361 BT:
1334 2332 1361 2362 εἰ
1377 2330 1467 2370 vulg.

206 2374 271 2395 220
293 2364 333 2397 τέ
348 2364 424 2405 τιν’]
443 2379 514 2397 τινα
532 2376 556 2403 g·
569 2366 609 2395 U'
629 2366 684 2399 U3.
707 2367 805 2399 Drac.
826 2373 924 2399 metr.
943 2380 994 2408 43.
1012 2380 1052 2399 22
1222 2382 1282 2402 221
1310 2374 1358 2411 εἵη
1377 2374 1454 2415 (εἴη)
1473 2373 1534 2405 οΑ

208 2407 234 2437 Β
247 2408 275 2438 Τ
292 2408 335 2439 al.
351 2419 358 2438 τ
381 2410 420 2440 ἵει
439 2408 525 2448 vulg.
705 2413 770 2441 226
792 2413 841 2444 τίς
857 2414 919 2453 γὰρ
935 2413 1077 2453 Trypho
1096 2414 1200 2454 (teste
1216 2415 1327 2454 Apoll.
1349 2417 1434 2447 coni.
1455 2419 1530 2455 506.

206 2454 261 2481 22ἲ
281 2451 338 2481 Vi'·’
492 2462 553 2492 227
578 2466 615 2484 τε
634 2455 683 2485 καὶ
702 2454 877 2495 Aristoph.
897 2455 956 2487 Ar.
978 2468 985 2487 τ
1009 2459 1059 2489 καὶ
1086 2457 1168 2496 ζείηε
1185 2460 1237 2495 rs]
1253 2457 1303 2489 Μ9
1316 2458 1377 2490 Μ10
1390 2459 1532 2491 1³¹2v1⁹2

206 2484 257 2532 ἠδ’Χ
271 2493 316 2542 D*
333 2494 418 2534 vulg.
