1660 2802
666 137 701 171 4.
774 130 1032 169 ΙΑΙΑΔΟΣ
1082 133 1116 169 Δ

232 236 266 274 οἱ
292 234 324 273 δ’
350 234 434 275 ἐπεὶ
459 234 525 275 οὖν
549 233 695 289 ᾤχοντο
723 235 777 275 ἰδὲ
803 233 876 285 πρὸ
903 234 993 274 ὁδοῦ
1016 233 1212 286 ἐγένοντο,

232 300 416 341 Ἀσωπὸν
443 301 474 341 δ’
500 302 628 341 ἵκοντο
652 302 926 353 βαθύσχοινον
950 302 1178 355 λεχεποίην,

230 366 309 407 ἕνθ’
335 367 417 408 αὖτ’
445 368 637 419 ἀγγελίην
667 368 730 408 ἐπὶ
755 370 860 418 Τυδῆ
887 371 1050 408 στεῖλαν
1077 367 1245 421 Ἀχαιοί.

231 433 352 485 αὐτὰρ
377 434 396 473 ὁ
420 436 490 485 βῆ,
518 432 665 475 πολέας
691 436 731 474 δὲ
758 432 950 485 κιχήσατο
976 434 1229 485 Καδμεΐωνας
1492 441 1551 480 385

229 498 480 550 δαινυμένους
509 502 605 539 κατὰ
631 503 738 550 δῶμα
762 501 856 550 βίης
881 499 1168 551 Ἐτεοκληείης.

229 566 307 606 ἕνθ’
336 567 424 607 οὐδὲ
449 565 576 616 ξεῖνός
600 583 672 619 περ
699 567 774 607 ἐὼν
800 566 1004 617 ἱππηλάτα
1027 567 1174 608 Τυδεὺς

228 632 379 683 τάρβει,
407 636 548 683 μοῦνος
573 633 647 673 ἐὼν
674 632 843 674 πολέσιν
867 635 965 683 μετὰ
992 634 1261 686 Καδμείοισιν,

228 698 320 738 ἀλλ’
346 700 368 738 ὅ
393 698 428 750 γ’
455 699 658 740 ἀεθλεύειν
683 700 954 751 προκαλίζετο,
982 699 1110 740 πάντα
1135 699 1169 739 δ’
1195 700 1303 741 ἐνίκα

226 766 395 816 ῥηϊδίως·
435 766 518 816 τοίη
546 767 581 806 οἱ
607 767 812 818 ἐπίρροθος
838 765 906 816 ἦεν
932 765 1092 817 Ἀθήνη.
1489 780 1552 812 390

228 833 264 872 οἱ
289 834 330 872 δὲ
356 831 637 885 χολωσάμενοι
665 835 864 882 Καδμεῖοι,
895 831 1073 884 κέντορες
1099 833 1242 878 ἵππων,

227 897 287 950 ἂψ
313 898 371 950 ἄρ’
397 898 647 953 ἀνερχομένῳ
675 898 835 939 πυκινὸν
859 899 986 952 λόχον
1012 900 1125 940 εἷσαν
1151 898 1327 952 ἄγοντες,

228 965 387 1016 κούρους
413 964 669 1015 πεντήκοντα·
707 966 783 1005 δύω
810 965 843 1005 δ’
869 964 1058 1017 ἡγήτορες
1084 964 1200 1016 ἦσαν,

228 1032 369 1072 Μαίων
394 1033 618 1082 Αἱμονίδης,
648 1033 867 1073 ἐπιείκελος
893 1031 1163 1078 ἀθανάτοισιν,

225 1098 307 1139 υἱός
331 1098 364 1137 τ’
390 1099 650 1151 Αὐτοφόνοιο,
677 1099 969 1149 μενεπτόλεμος
995 1099 1275 1151 Πολυφόντης.
1491 1111 1551 1142 395

225 1164 371 1207 Τυδεὺς
395 1167 466 1215 μὲν
493 1166 554 1205 καὶ
579 1169 708 1206 τοῖσιν
733 1164 865 1206 ἀεικέα
891 1166 1041 1215 πότμον
1067 1166 1203 1217 ἐφῆκε·

227 1230 375 1273 πάντας
401 1231 554 1283 ἔπεφν’,
582 1232 651 1272 ἕνα
676 1231 709 1271 δ’
735 1232 818 1272 οἷον
844 1232 893 1272 ἵει
918 1230 1070 1272 οἶκόνδε
1095 1230 1267 1272 νέεσθαι·

227 1297 371 1338 Μαίον’
397 1297 471 1349 ἄρα
497 1297 674 1349 προέηκε,
703 1301 802 1338 θεῶν
827 1297 1017 1349 τεράεσσι
1042 1296 1226 1347 πιθήσας.

225 1368 329 1405 τοῖος
355 1363 422 1414 ἕην
447 1365 593 1406 Τυδεὺς
619 1365 826 1406 Αἰτώλιος·
866 1365 972 1404 ἀλλὰ
997 1363 1065 1405 τὸν
1091 1363 1173 1404 υἱὸν

225 1431 383 1482 γείνατο
409 1431 464 1471 εἷο
490 1430 624 1484 χέρεια
647 1430 768 1486 μάχῃ,
797 1431 920 1487 ἀγορῇ
947 1430 988 1470 δέ
1014 1430 1047 1469 τ’
1074 1429 1258 1481 ἀμείνω.”
1487 1443 1552 1475 400

285 1495 364 1540 ὁΩς
389 1496 507 1549 φάτο,
533 1497 601 1538 τὸν
626 1497 659 1537 δ’
686 1497 729 1537 οὔ
753 1514 791 1537 τι
815 1496 1001 1549 προσέφη
1029 1495 1212 1549 κρατερὸς
1237 1494 1449 1548 Διομήδης,

225 1563 420 1606 αἰδεσθεὶς
444 1566 644 1614 βασιλῆος
670 1563 807 1613 ἐνιπὴν
833 1564 1010 1604 αἰδοίοιο·

224 1629 292 1670 τὸν
318 1629 350 1670 δ’
374 1630 455 1671 υἱὸς
481 1632 693 1680 Καπανῆος
719 1631 918 1682 ἀμείψατο
946 1628 1187 1679 κυδαλίμοιο·

227 1699 252 1714 “
269 1696 460 1749 Ἀτρεΐδη,
488 1697 539 1747 μὴ
566 1696 701 1749 ψεύδε’
731 1695 995 1746 ἐπιστάμενος
1022 1693 1137 1747 σάφα
1162 1696 1299 1735 εἰπεῖν·

224 1763 334 1813 ἡμεῖς
358 1780 419 1803 τοι
444 1763 622 1815 πατέρων
646 1763 733 1815 μέγ’
761 1764 965 1814 ἀμείνονες
994 1761 1175 1815 εὐχόμεθ’
1198 1760 1309 1802 εἶναι·
1486 1773 1549 1804 405

224 1829 334 1880 ἡμεῖς
361 1830 422 1870 καὶ
449 1829 591 1880 Θήβης
617 1831 702 1872 ἕδος
730 1831 888 1880 εἵλομεν
916 1829 1170 1874 ἑπταπύλοιο,

226 1897 465 1948 παυρότερον
490 1896 588 1937 λαὸν
614 1896 803 1949 ἀγαγόνθ’
831 1895 905 1936 ὑπὸ
932 1900 1063 1948 τεῖχος
1086 1894 1231 1946 ἄρειον,

226 1963 451 2014 πειθόμενοι
474 1963 663 2015 τεράεσσι
690 1966 791 2004 θεῶν
819 1963 880 2003 καὶ
906 1961 1033 2013 Ζηνὸς
1058 1962 1203 2018 ἀρωγῇ·

227 2033 348 2070 κεῖνοι
373 2032 414 2071 δε
439 2029 683 2086 σφετέρησιν
711 2030 1005 2085 ἀτασθαλίησιν
1031 2029 1186 2068 ὄλοντο·

226 2099 278 2136 τῶ
303 2091 358 2147 μή
379 2113 445 2147 μοι
470 2097 639 2149 πατέρας
664 2096 751 2137 ποθ’
778 2097 890 2153 ὁμοίη
916 2095 1028 2136 ἔνθεο
1052 2099 1156 2151 τιμῇ.
1161 2093 1183 2107 ”

292 2162 374 2204 Τὸν
399 2163 432 2204 δ’
458 2163 516 2216 ἄρ’
542 2165 692 2216 ὑπόδρα
719 2164 810 2204 ἰδὼν
836 2161 1020 2214 προσέφη
1048 2158 1229 2213 κρατερὸς
1257 2156 1470 2209 Διομήδης·

1492 2103 1552 2135 410

268 2261 331 2291 392
357 2250 401 2293 ἄρ’
421 2250 622 2302 ἀνερχομένῳ
641 2250 813 2290 Bentley
806 2251 857 2281 ut
883 2256 904 2282 Z
928 2250 1026 2289 187):
1052 2249 1276 2290 ἀναερχομένῳ
1293 2248 1555 2280 ikmATa1.:

227 2293 473 2337 ἐπανερχομένῳ
489 2305 530 2325 c:
556 2294 757 2335 ἀνερχομένῳ
776 2294 865 2334 vulg
969 2293 1089 2334 λόχον]
1108 2292 1205 2325 δόλον
1222 2292 1272 2324 M⁹
1286 2291 1457 2333 P12(cs.z
1477 2292 1553 2333 187)

312 2348 375 2379 395
399 2337 612 2378 Πολυφόντης
628 2337 683 2368 A:
706 2337 912 2378 Λυκοφόντης
929 2341 992 2368 cet.
1013 2337 1110 2369 codd.
1267 2337 1333 2377 398
1357 2335 1554 2378 ἀναπροέηκε

358 2391 422 2420 400
446 2381 580 2421 ἀμείνων
597 2380 653 2412 ΑΓ.
672 2381 702 2412 A
792 2391 945 2421 407-409
968 2380 1035 2412 ath.
1055 2380 1113 2412 Ar.
1207 2390 1272 2420 410
1296 2379 1392 2421 τιμήν
1405 2379 1463 2411 ΑΓ.
1484 2388 1551 2411 sec.

226 2426 300 2458 sch.
322 2425 350 2457 T
