1660 2802
627 119 686 154 12.
761 112 1016 151 ΙΛΙΑΔΟΣ
1065 114 1105 150 Μ

190 215 332 258 ’Ἄσιος
356 214 599 267 εὙρτακίδης,
629 217 690 257 καὶ
719 214 956 267 ἀλαστήσας
982 215 1075 257 ἔπος
1100 215 1209 266 ηὔδα·

197 285 221 301 “
240 285 315 322 Ζεῦ
339 282 472 334 πάτερ,
501 281 524 333 ἦ
549 282 598 333 ῥά
622 300 666 324 νυ
695 283 756 323 καὶ
785 283 834 323 σὺ
862 281 1114 335 φιλοψευδὴς
1140 280 1295 331 ἐτέτυξο

195 348 329 401 πάγχυ
353 347 459 399 μάλ’·
497 348 542 389 οὐ
567 351 640 401 γὰρ
667 349 783 401 ἔγωγ’
814 348 971 401 ἐφάμην
998 349 1127 400 ἥρωας
1151 347 1338 401 Ἀχαιοὺς
1469 351 1526 391 165

195 413 364 467 σχήσειν
389 414 578 467 ἡμέτερόν
604 432 649 467 γε
674 414 790 466 μένος
822 415 882 455 καὶ
907 418 1044 468 χεῖρας
1071 413 1254 456 ἀάπτους.

195 483 230 521 οἱ
255 480 301 526 δ’,
329 481 380 522 ὥς
405 498 447 522 τε
471 484 625 533 σφῆκες
651 481 776 532 μέσον
806 482 935 522 αἰόλοι
961 481 1006 531 ἠὲ
1032 480 1228 531 μέλισσαι

194 548 296 587 οἰκία
320 546 562 597 ποιήσωνται
587 549 662 602 ὁδῷ
691 548 753 588 ἔπι
781 546 1080 603 παιπαλοέσσῃ,

194 614 272 653 οὐδ’
297 614 585 655 ἀπολείπουσιν
612 617 745 654 κοῖλον
773 615 906 664 δόμον,
934 614 1041 654 ἀλλὰ
1065 612 1251 663 μένοντες

194 680 334 732 ἄνδρας
360 683 577 733 θηρητῆρας
602 682 814 732 ἀμύνονται
841 680 927 733 περὶ
952 679 1115 726 τέκνων,
1468 693 1528 726 170

194 747 244 788 ὣς
269 748 309 787 οἵ
331 747 368 799 γ’
394 747 461 787 οὐκ
487 747 672 788 ἐθέλουσι
699 746 860 788 πυλάων
887 747 950 787 καὶ
976 746 1037 787 δύ’
1067 747 1176 787 ἐόντε

193 813 430 866 χάσσασθαι
454 814 546 865 πρίν
570 813 606 866 γ’
631 814 675 864 ἠὲ
704 812 948 864 κατακτάμεν
974 813 1019 863 ἠὲ
1046 814 1210 853 ἁλῶναι.

254 878 333 922 Ἳὶς
358 880 484 931 ἔφατ’,
512 880 599 920 οὐδὲ
627 880 723 922 Διὸς
748 883 859 921 πεῖθε
886 878 1013 932 φρένα
1039 878 1146 919 ταῦτ’
1173 878 1384 931 ἀγορεύων·

187 945 348 998 ’Έκτορι
374 946 447 999 γάρ
473 949 509 987 οἱ
535 947 653 997 θυμὸς
679 947 871 997 ἐβούλετο
900 949 1011 988 κῦδος
1038 943 1183 997 ὀρέξαι.

253 1012 400 1053 ’Ἄλλοι
425 1013 457 1053 δ’
485 1013 583 1065 ἀμφ’
609 1013 759 1069 ἄλλῃσι
783 1012 916 1066 μάχην
942 1011 1141 1065 ἐμάχοντο
1167 1011 1355 1068 πύλῃσιν·
1466 1024 1524 1056 175

194 1079 390 1131 ἀργαλέον
415 1079 457 1120 δέ
480 1097 529 1130 με
553 1083 673 1119 ταῦτα
699 1079 787 1120 θεὸν
814 1080 864 1120 ὣς
890 1078 1003 1119 πάντ’
1033 1079 1259 1130 ἀγορεῦσαι·

194 1146 320 1202 πάντῃ
346 1147 419 1198 γὰρ
445 1146 533 1198 περὶ
557 1149 686 1199 τεῖχος
712 1146 849 1198 ὀρώρει
877 1146 1090 1187 θεσπιδαὲς
1117 1148 1190 1196 πῦρ

194 1212 343 1253 λάϊνον·
382 1212 555 1264 Ἀργεῖοι
579 1215 621 1253 δὲ
648 1213 710 1252 καὶ
736 1212 954 1265 ἀχνύμενοί
978 1228 1050 1262 περ
1077 1209 1228 1267 ἀνάγκῃ

193 1283 295 1329 νηῶν
320 1278 523 1329 ἠμύνοντο·
564 1279 644 1319 θεοὶ
670 1277 702 1318 δ’
729 1276 931 1331 ἀκαχήατο
958 1277 1080 1328 θυμὸν

193 1345 348 1391 πάντες,
376 1346 466 1385 ὅσοι
492 1348 689 1385 Δαναοῖσι
713 1344 842 1397 μάχης
867 1343 1120 1396 ἐπιτάρροθοι
1144 1342 1260 1393 ἦσαν.
1380 1335 1383 1337 ,
1466 1349 1525 1378 180

194 1411 267 1452 σὺν
293 1411 325 1452 δ’
352 1411 502 1463 ἔβαλον
528 1412 701 1452 Λαπίθαι
725 1411 902 1461 πόλεμον
931 1410 992 1451 καὶ
1019 1412 1215 1460 δηϊοτῆτα.

253 1477 366 1518 ’Ἔνθ’
392 1478 439 1518 αὗ
464 1478 672 1529 Πειριθόου
697 1477 790 1523 υἱός,
821 1476 1007 1529 κρατερὸς
1034 1476 1299 1526 Πολυποίτης,

193 1544 298 1595 δουρὶ
322 1544 450 1595 βάλεν
477 1543 671 1595 Δάμασον
697 1542 832 1594 κυνέης
860 1545 923 1584 διὰ
948 1543 1242 1598 χαλκοπαρῄου·

192 1610 271 1651 οὐδ’
297 1610 371 1662 ἄρα
394 1612 559 1664 χαλκείη
587 1611 698 1662 κόρυς
724 1611 907 1664 ἔσχεθεν,
937 1610 1044 1649 ἀλλὰ
1068 1608 1210 1660 διαπρὸ

192 1677 314 1730 αἰχμὴ
339 1678 503 1731 χαλκείη
528 1675 619 1729 ῥῆξ’
645 1676 802 1723 ὀστέον,
831 1675 1057 1728 ἐγκέφαλος
1083 1677 1124 1716 δὲ
1463 1678 1522 1717 185

193 1744 305 1784 ἔνδον
331 1743 432 1786 ἅπας
458 1743 699 1785 πεπάλακτο·
739 1743 927 1795 δάμασσε
951 1741 995 1783 δέ
1018 1758 1084 1793 μιν
1108 1744 1306 1793 μεμαῶτα·

193 1810 311 1862 αὐτὰρ
338 1812 472 1852 ἔπειτα
497 1811 672 1851 Πύλωνα
698 1810 761 1850 καὶ
779 1809 981 1862 ’Όρμενον
1007 1806 1240 1861 ἐξενάριξεν.

192 1876 275 1918 υἱὸν
301 1877 333 1916 δ’
360 1877 615 1930 Ἀντιμάχοιο
641 1877 849 1923 Λεοντεύς,
877 1876 963 1925 ὄζος
981 1873 1142 1928 ”Αρηος,

191 1942 436 1998 Ἱππόμαχον
461 1943 567 1995 βάλε
593 1944 700 1995 δουρὶ
729 1944 825 1983 κατὰ
853 1943 1033 1994 ζωστῆρα
1056 1938 1245 1994 τυχήσας.

193 2010 299 2052 αὖτις
325 2010 356 2050 δ’
384 2012 425 2050 ἐκ
453 2014 608 2050 κολεοῖο
635 2009 905 2062 ἐρυσσάμενος
931 2007 1046 2060 ξίφος
1071 2006 1140 2058 ὀξὺ
1460 2017 1523 2048 190

192 2075 434 2128 Ἀντιφάτην
459 2080 531 2127 μὲν
560 2081 724 2129 πρῶτον,
753 2074 916 2125 ἐπαΐξας
940 2074 987 2115 δι’
1013 2075 1165 2126 ὁμίλου,

194 2142 320 2194 πλῆξ’
349 2142 627 2196 αὐτοσχεδίην·
666 2143 686 2182 ὁ
712 2142 743 2182 δ’
771 2141 830 2194 ἄρ’
856 2142 990 2182 ὕπτιος
1016 2140 1118 2181 οὔδει
1143 2139 1314 2191 ἐρείσθη·

195 2209 314 2261 αὐτὰρ
342 2209 478 2251 ἔπειτα
503 2208 675 2250 Μένωνα
700 2210 762 2249 καὶ
785 2207 963 2259 Ἰαμενὸν
990 2207 1053 2247 καὶ
1078 2204 1275 2258 Ὀρέστην

237 2310 293 2339 171
321 2300 352 2331 οἵ
364 2298 413 2340 γ’]
432 2300 488 2331 οἵδ’
505 2299 562 2331 Ar.
582 2303 637 2329 ho
730 2300 872 2338 175-181
900 2309 965 2329 om.
982 2298 1077 2335 len„
1096 2297 1164 2328 ath.
1184 2296 1360 2336 Aristoph.
1380 2296 1440 2327 Ar.

193 2353 253 2383 179
277 2346 360 2384 θυμῷ
376 2347 565 2373 befmnr
583 2343 645 2373 v.l.
666 2342 697 2372 in
716 2342 746 2371 Λ
884 2343 943 2380 185
967 2341 1068 2382 αἷχμῆ
1084 2339 1192 2380 ἱεμένη
1210 2339 1458 2382 1ιὶ(-αμ-)ςΤ
1472 2338 1514 2371 U¹

278 2396 339 2427 192
362 2385 453 2419 οὖδας
471 2386 592 2428 ἔρεισεν
609 2385 667 2416 ΑΓ.
687 2389 712 2415 h.
732 2385 786 2427 (cf.
804 2391 830 2418 Λ
850 2386 927 2425 144)
