1660 2802
612 122 672 157 11.
746 115 1004 153 ΙΛΙΑΔΟΣ
1051 115 1086 152 Λ

185 222 265 273 τρὶς
290 221 322 261 δ’
347 220 430 261 ἄϊεν
456 220 639 273 ἰάχοντος
665 219 876 272 ἀρηΐφιλος
903 217 1122 260 Μενέλαος.

185 288 287 340 αἶψα
312 287 342 327 δ’
369 286 427 339 ἄρ’
453 289 603 327 Αἴαντα
628 286 910 338 προσεφώνεεν
936 284 1053 337 ἐγγὺς
1077 285 1204 324 ἐόντα·

186 357 210 371 “
229 354 328 394 Αἶαν
353 356 526 405 διογενὲς
549 353 793 403 Τελαμώνιε,
822 353 973 403 κοίρανε
996 355 1117 396 λαῶν,
1445 353 1508 394 465

185 421 290 472 ἀμφί
311 419 349 471 μ’
375 420 599 469 Ὀδυσσῆος
625 420 921 471 ταλασίφρονος
946 417 1038 458 ἵκετ’
1065 416 1172 467 ἀϋτή,

184 490 236 540 τῷ
263 486 371 536 ἰκέλη
398 486 448 528 ὡς
474 488 510 526 εἴ
533 488 550 526 ἑ
575 484 723 540 βιῴατο
747 489 891 536 μοῦνον
915 485 1030 525 ἐόντα

184 556 317 605 Τρῶες
342 551 636 603 ἀποτμήξαντες
661 553 719 592 ἐνὶ
747 557 911 608 κρατερῇ
935 552 1093 607 ὑσμίνῃ.

185 620 277 659 ἀλλ’
301 621 413 670 ’ίομεν
437 619 522 659 καθ’
546 619 700 669 ὅμιλον·
740 617 974 668 ἀλεξέμεναι
998 619 1072 669 γὰρ
1100 615 1270 667 ἄμεινον.

185 687 296 727 δείδω
322 685 374 737 μή
399 702 436 726 τι
461 685 637 741 πάθῃσιν
663 685 720 726 ἐνὶ
747 685 934 736 Τρώεσσι
957 685 1160 734 μονωθείς,
1446 693 1510 725 470

186 752 329 794 ἐσθλὸς
354 753 440 798 ἐών,
467 751 621 804 μεγάλη
648 753 689 792 δὲ
714 751 815 801 ποθὴ
844 754 1041 791 Δαναοῖσι
1066 748 1264 802 γένηται.”

245 817 324 861 ὁΩς
350 820 469 860 εἰπὼν
494 820 514 857 ὁ
538 820 610 869 μὲν
634 817 735 871 ἦρχ’,
765 819 784 857 ὁ
810 817 841 857 δ’
867 817 932 868 ἅμ’
958 817 1103 858 ἕσπετο
1129 816 1285 858 ἰσόθεος
1309 815 1408 867 φώς.

185 886 295 937 εὗρον
321 886 439 927 ἔπειτ’
465 885 644 936 Ὀδυσῆα
670 884 739 925 Διῒ
764 885 897 936 φίλον·
936 884 1037 935 ἀμφὶ
1063 882 1095 924 δ’
1120 882 1178 934 ἄρ’
1205 881 1322 923 αὐτὸν

184 955 316 1004 Τρῶες
341 952 473 993 ἕπονθ’
499 952 550 994 ὡς
575 954 611 993 εἴ
633 969 676 993 τε
700 952 884 1004 δαφοινοὶ
910 953 1005 992 θῶες
1031 951 1199 1002 ὄρεσφιν

185 1019 283 1071 ἀμφ’
309 1019 461 1071 ἔλαφον
488 1018 625 1071 κεραὸν
650 1017 921 1069 βεβλημένον,
949 1018 993 1057 ὅν
1019 1016 1052 1056 τ’
1078 1015 1194 1066 ἔβαλ’
1220 1015 1318 1067 ἀνὴρ
1447 1027 1508 1058 475

187 1087 229 1139 ἰῷ
256 1085 332 1126 ἀπὸ
355 1088 504 1137 νευρῆς·
542 1085 608 1126 τὸν
632 1085 704 1136 μέν
728 1084 762 1125 τ’
788 1083 907 1136 ἤλυξε
933 1085 1105 1124 πόδεσσι

185 1153 356 1204 φεύγων,
385 1152 474 1204 ὄφρ’
500 1153 595 1202 αἷμα
620 1151 758 1203 λιαρὸν
786 1152 847 1192 καὶ
873 1150 1029 1203 γούνατ’
1055 1150 1194 1205 ὀρώρῃ·

184 1218 303 1271 αὐτὰρ
330 1220 414 1259 ἐπεὶ
439 1218 483 1269 δὴ
510 1219 578 1259 τόν
605 1236 649 1270 γε
673 1217 923 1269 δαμάσσεται
949 1216 1047 1258 ὠκὺς
1072 1216 1218 1261 ὀϊστός,

185 1285 392 1338 ὠμοφάγοι
415 1302 481 1336 μιν
507 1287 604 1327 θῶες
629 1287 671 1326 ἐν
695 1285 829 1336 οὔρεσι
855 1283 1145 1335 δαρδάπτουσιν

185 1354 227 1392 ἐν
252 1351 360 1403 νέμεϊ
384 1355 540 1406 σκιερῷ·
577 1352 645 1392 ε’πί
666 1369 708 1392 τε
732 1354 798 1391 λῖν
822 1350 948 1402 ἤγαγε
974 1350 1121 1400 δαίμων
1448 1353 1511 1392 480

185 1420 334 1469 σίντην·
373 1421 469 1460 θῶες
494 1417 565 1468 μέν
589 1435 632 1458 τε
657 1417 873 1469 διέτρεσαν,
902 1416 1024 1467 αὐτὰρ
1049 1416 1069 1454 ὁ
1095 1414 1244 1455 δάπτει·

184 1486 234 1526 ὤς
257 1486 306 1537 ῥα
330 1485 410 1525 τότ’
437 1484 536 1536 ἀμφ’
562 1484 738 1534 Ὀδυσῆα
763 1483 958 1535 δαΐφρονα
983 1480 1267 1532 ποικιλομήτην

183 1555 315 1603 Τρῶες
340 1553 434 1592 ἕπον
460 1552 608 1592 πολλοί
630 1568 672 1591 τε
698 1551 760 1590 καὶ
786 1550 958 1600 ἄλκιμοι,
987 1549 1108 1599 αὐτὰρ
1134 1549 1155 1588 ὅ
1178 1548 1215 1600 γ’
1241 1547 1342 1599 ἥρως

184 1614 339 1658 ἀΐσσων
365 1617 393 1673 ᾧ
414 1619 525 1671 ἔγχει
551 1618 718 1668 ἀμύνετο
743 1618 882 1667 νηλεὲς
907 1616 1021 1667 ἦμαρ.

186 1687 281 1727 Αἴας
306 1684 338 1725 δ’
365 1686 529 1737 ἐγγύθεν
555 1683 651 1734 ἦλθε
679 1683 810 1737 φέρων
836 1682 957 1725 σάκος
982 1681 1072 1732 ἠΰτε
1098 1682 1258 1734 πύργον,
1443 1686 1506 1725 485

185 1755 258 1802 στῆ
285 1754 326 1792 δὲ
351 1749 486 1803 παρέξ·
525 1754 657 1802 Τρῶες
684 1752 725 1790 δὲ
750 1749 955 1802 διέτρεσαν
982 1749 1144 1790 ἄλλυδις
1169 1748 1304 1791 ἄλλος.

184 1818 268 1868 ἤτοι
293 1818 360 1859 τὸν
386 1818 593 1859 Μενέλαος
619 1816 752 1869 ἀρήϊος
777 1815 884 1869 ἔξαγ’
911 1816 1048 1867 ὁμίλου

183 1884 314 1938 χειρὸς
339 1884 455 1938 ἔχων,
482 1884 550 1935 ῆος
575 1883 756 1935 θεράπων
782 1882 928 1936 σχεδὸν
953 1882 1106 1933 ἤλασεν
1131 1883 1284 1924 ἵππους.

249 1953 346 1994 Αἴας
371 1954 411 1992 δὲ
434 1951 644 2003 Τρώεσσιν
670 1950 891 2002 ἐπάλμενος
918 1951 1000 1991 εἷλε
1027 1949 1232 2000 Δόρυκλον

183 2020 418 2071 Πριαμίδην,
445 2019 562 2058 νόθον
587 2018 682 2063 υἱόν,
710 2018 844 2058 ἔπειτα
870 2018 911 2057 δὲ
936 2015 1143 2056 Πάνδοκον
1167 2015 1274 2060 οὖτα,
1440 2026 1507 2058 490

181 2085 275 2125 οῧτα
299 2087 341 2125 δὲ
368 2085 597 2135 Λύσανδρον
624 2085 685 2124 καὶ
712 2084 902 2136 Πύρασον
926 2082 993 2133 ἠδὲ
1019 2080 1244 2133 Πυλάρτην,

224 2181 288 2218 466
309 2181 389 2211 ἵκετ’
407 2179 487 2216 ἀϋτή
502 2178 562 2209 Ar.
579 2181 628 2208 fh
641 2188 660 2207 r
678 2177 718 2207 al.
739 2189 745 2208 :
770 2179 858 2209 ἵκετο
877 2177 965 2218 φωνή
985 2177 1072 2216 vulg.
1238 2187 1303 2215 470
1327 2177 1372 2208 ἐνὶ
1389 2186 1408 2207 0
1421 2179 1509 2212 egh

181 2223 212 2253 A
226 2224 254 2253 D
269 2223 334 2254 N4:
357 2224 439 2262 μετὰ
455 2222 544 2261 vulg.
690 2230 753 2260 473
780 2223 864 2261 αὐτῷ
881 2220 947 2250 nA
965 2229 1009 2251 SS.
1032 2219 1110 2251 Bm5
1121 2218 1177 2250 L¹S
1191 2219 1239 2250 ΜΣζ
1255 2218 1299 2250 Ul
1312 2218 1368 2250 V¹⁴¹
1379 2216 1509 2250 V¹⁸V²²

182 2266 242 2297 V3³
364 2266 427 2304 478
451 2267 558 2306 πικρὸς
577 2269 628 2295 bc
643 2264 671 2293 D
801 2265 865 2303 480
890 2263 1019 2305 σκιερῷ]
1037 2267 1193 2305 γλαφυρῷ
1210 2263 1290 2295 Zen.
1417 2263 1479 2301 485
1490 2272 1509 2292 a

446 2309 587 2348 χάλκεον
607 2307 799 2344 ἑπταβόειον
819 2308 834 2339 ὅ
853 2309 882 2339 οἱ
897 2308 1014 2347 Τυχίος
1034 2307 1112 2346 κάμε
1129 2308 1257 2347 τεύχων

183 2354 257 2386 add.
277 2364 298 2391 q
311 2353 348 2384 L⁴
360 2351 406 2384 ΟΔΞ
420 2351 475 2382 V¹⁴³
487 2351 544 2381 V3²
564 2353 611 2391 <z
624 2356 648 2382 H
669 2352 745 2382 2205
884 2351 948 2388 488
972 2351 1056 2383 ἑλών
1075 2349 1130 2381 Ι)ΓΙ
1141 2350 1169 2381 T
1183 2349 1243 2381 ΠΨ
1259 2364 1309 2392 γρ.
1331 2350 1371 2380 L*
