1670 2828
675 145 708 178 3.
784 135 1041 174 ΙΑΙΑΔΟΣ
1086 136 1116 171 Γ

231 243 314 296 ῥῖψ’
343 240 583 291 ἐπιδινήσας,
614 241 780 289 κόμισαν
805 238 838 277 δ’
865 239 1014 289 ἐρίηρες
1040 238 1197 288 ἑταῖροι·

231 310 352 361 αὐτὰρ
377 309 397 347 ὁ
421 308 482 359 ἂψ
509 308 701 358 ἐπόρουσε
727 303 1016 353 κατακτάμεναι
1039 304 1255 354 μενεαίνων

231 376 344 428 ἔγχεϊ
368 374 552 427 χαλκείῳ·
591 372 658 412 τὸν
684 371 714 411 δ’
741 369 930 422 ἐξήρπαξ’
957 369 1173 421 Ἀφροδίτη

231 443 316 494 ῥεῖα
339 439 432 491 μάλ’
458 440 509 480 ὥς
534 455 576 478 τε
603 438 701 482 θεός,
729 435 908 487 ἐκάλυψε
933 435 966 475 δ’
992 434 1050 487 ἄρ’
1077 434 1162 486 ἠέρι
1186 438 1332 490 πολλῇ,

235 509 303 547 κὰδ
330 506 361 546 δ’
388 505 461 547 εῖσ’
488 506 529 544 ἐν
555 503 717 557 θαλάμῳ
744 502 877 543 εὐώδεϊ
905 502 1078 552 κηώεντι.

234 573 326 623 αὐτὴ
353 572 385 612 δ’
411 571 494 611 αὖθ’
518 569 688 619 Ἑλένην
715 568 899 609 καλέουσ’
924 569 972 608 ἵε·
1008 567 1079 617 τὴν
1105 567 1137 607 δ’
1163 567 1322 620 ἐκίχανε

234 640 367 693 πύργῳ
394 637 457 690 ἐφ’
483 639 638 690 ὑψηλῷ,
666 636 754 687 περὶ
780 637 820 675 δὲ
845 635 978 689 Τρῳαὶ
1003 633 1092 675 ἅλις
1119 632 1235 683 ἦσαν·

234 705 336 759 χειρὶ
362 707 402 744 δὲ
428 701 636 754 νεκταρέου
661 704 775 742 ἑανοῦ
802 699 954 751 ἐτίναξε
978 703 1181 751 λαβοῦσα,

235 772 327 823 γρηὶ·
350 770 391 810 δέ
415 787 482 821 μιν
507 771 629 809 ἐϊκυῖα
655 766 887 819 παλαιγενέϊ
912 766 1147 818 προσέειπεν

237 837 439 890 εἰροκόμῳ,
467 836 491 885 ἥ
515 837 550 875 οἱ
576 835 840 885 Λακεδαίμονι
865 833 1101 888 ναιεταούσῃ

236 904 374 954 ἤσκειν
400 904 498 954 ε’ίρια
523 900 637 947 καλά,
664 900 840 951 μάλιστα
864 899 906 940 δέ
929 916 995 950 μιν
1021 898 1225 951 φιλέεσκε·

237 976 282 1026 τῇ
307 986 373 1020 μιν
400 968 607 1018 ἐεισαμένη
634 967 895 1019 προσεφώνεε
919 965 970 1006 δῖ’
997 965 1225 1018 Ἀφροδίτη·

240 1039 264 1053 “
282 1035 382 1087 δεῦρ’
409 1034 471 1075 ἴθ’·
510 1033 774 1085 Ἀλέξανδρός
799 1050 846 1074 σε
872 1036 985 1073 καλεῖ
1008 1032 1159 1073 οἶκόνδε
1185 1030 1356 1071 νέεσθαι.

239 1105 364 1143 κεῖνος
389 1102 411 1141 ὅ
434 1100 470 1152 γ’
498 1102 539 1141 ἐν
564 1099 726 1154 θαλάμῳ
754 1100 816 1139 καὶ
840 1102 1040 1140 δινωτοῖσι
1064 1098 1249 1152 λέχεσσι,

239 1167 380 1208 κάλλεΐ
402 1184 444 1207 τε
470 1167 653 1217 στίλβων
679 1166 742 1206 καὶ
767 1167 937 1216 εἵμασιν·
976 1164 1064 1205 οὐδέ
1090 1181 1130 1205 κε
1155 1164 1276 1217 φαίης

238 1235 348 1286 ἀνδρὶ
373 1232 683 1287 μαχεσσάμενον
708 1233 776 1272 τόν
802 1231 837 1283 γ’
862 1233 1006 1277 ἐλθεῖν,
1033 1232 1139 1271 ἀλλὰ
1162 1230 1329 1283 χορόνδε

240 1300 410 1354 ἔρχεσθ’,
436 1300 481 1349 ἠὲ
506 1303 643 1353 χοροῖο
667 1298 756 1339 νέον
780 1297 956 1349 λήγοντα
983 1296 1190 1347 καθίζειν.”

301 1365 381 1408 ΔΩς
406 1365 523 1418 φάτο,
550 1371 597 1422 τῇ
622 1364 654 1405 δ’
679 1365 753 1417 ἄρα
777 1364 897 1415 θυμὸν
922 1364 980 1404 ἐνὶ
1006 1362 1226 1414 στήθεσσιν
1253 1364 1369 1414 ὄρινε·

296 1433 306 1447 2
339 1432 368 1447 ω
403 1432 413 1446 ι

240 1450 304 1473 και
327 1451 349 1484 ρ
394 1449 445 1474 ως
470 1432 537 1472 οὖν
563 1432 705 1481 ἐνόησε
731 1433 821 1473 θεᾶς
847 1430 1088 1483 περικαλλέα
1112 1429 1243 1481 δειρὴν

241 1498 390 1549 στήθεά
415 1498 448 1538 θ’
475 1498 679 1550 ἱμερόεντα
705 1498 766 1538 καὶ
791 1499 946 1548 ὄμματα
968 1497 1249 1548 μαρμαίροντα,

215 1608 231 1613 1
242 1564 451 1617 θάμβησέν
475 1564 508 1604 τ’
533 1564 592 1616 ἄρ’
618 1564 752 1605 ἔπειτα
776 1563 868 1605 ἔπος
892 1563 925 1602 τ’
951 1562 1064 1615 ἔφατ’
1091 1563 1132 1603 ἔκ
1158 1562 1190 1602 τ’
1216 1561 1394 1613 ὀνόμαζε·

243 1634 268 1649 “
288 1632 481 1683 δαιμονίη,
508 1632 548 1670 τί
568 1648 616 1681 με
641 1634 759 1671 ταῦτα
783 1630 957 1670 λιλαίεαι
982 1629 1256 1681 ἠπεροπεύειν;

240 1697 264 1748 ἦ
289 1696 342 1753 πῄ
366 1715 415 1749 με
438 1697 612 1749 προτέρω
638 1697 789 1738 πολίων
814 1697 855 1737 εὗ
879 1695 1122 1747 ναιομενάων

241 1763 358 1814 ἄξεις,
385 1761 408 1814 ἢ
435 1764 608 1816 Φρυγίης
633 1760 655 1813 ἢ
682 1764 861 1819 Μῃονίης
886 1764 1097 1814 ἐρατεινῆς,

243 1832 278 1871 εἴ
300 1831 357 1872 τίς
382 1847 441 1870 τοι
468 1831 528 1870 καὶ
555 1832 652 1870 κεῖθι
678 1830 798 1881 φίλος
822 1829 1004 1881 μερόπων
1029 1827 1257 1880 ἀνθρώπων·

242 1897 381 1937 οὕνεκα
407 1895 452 1946 δὴ
477 1899 545 1936 νῦν
570 1899 652 1936 δῖον
678 1894 943 1947 Ἀλέξανδρον
969 1894 1178 1936 Μενέλαος

242 1961 407 2012 νικήσας
433 1961 561 2002 ἐθέλει
587 1961 781 2014 στυγερὴν
808 1963 876 2012 ἐμὲ
902 1960 1024 2002 οἴκαδ’
1050 1960 1230 2012 ἄγεσθαι,

242 2029 406 2069 τοῦνεκα
430 2028 476 2078 δὴ
502 2031 570 2068 νῦν
594 2031 705 2080 δεῦρο
732 2027 1058 2080 δολοφρονέουσα
1082 2026 1301 2079 παρέστης;

241 2094 318 2144 ἧσο
334 2094 433 2146 ,παρ’
459 2093 574 2135 αὐτὸν
600 2096 724 2140 ἰοῦσα,
753 2097 852 2134 θεῶν
877 2093 909 2134 δ’
934 2094 1093 2134 ἀπόεικε
1118 2093 1316 2138 κελεύθου,

243 2160 331 2211 μηδ’
357 2161 413 2201 ἔτι
439 2165 550 2201 σοῖσι
576 2161 771 2201 πόδεσσιν
795 2159 1090 2212 ὑποστρέψειας
1109 2158 1332 2209 ’Όλυμπον,

284 2255 346 2293 387
372 2253 563 2295 ναιεταούσῃ
589 2254 645 2286 eit.
663 2253 787 2285 Athen.
814 2263 872 2293 191
884 2263 914 2292 a,
934 2262 991 2289 gp
1009 2249 1121 2282 P¹¹U⁶
1131 2249 1191 2282 V2³
1208 2262 1215 2281 :
1250 2250 1354 2292 -αῶσῃ
1377 2248 1467 2289 vulg.

1495 372 1555 411 380

1499 1042 1562 1074 390

1503 1374 1562 1406 395

1501 1705 1565 1736 400

1501 2036 1565 2068 405

240 2297 305 2337 388
330 2297 405 2339 ειρι[
428 2296 486 2346 12⁴¹
505 2297 574 2327 init.
726 2296 825 2338 καλά]
843 2295 953 2328 πολλά
968 2299 1026 2332 bg
1038 2294 1092 2325 Mc
1284 2294 1350 2333 389
1373 2303 1402 2324 v.
1420 2302 1484 2323 om.
1507 2289 1568 2341 12⁴¹

327 2341 480 2380 396-418
503 2341 571 2371 ath.
597 2339 654 2371 Ar.
783 2341 848 2378 406
872 2338 1000 2371 ἀπόεικε
1020 2337 1170 2370 κελεύθου
1186 2336 1245 2368 ΑΓ.
1267 2336 1317 2377 (οὐ
1333 2336 1430 2376 μόνον
1447 2337 1483 2368 ἐν
1497 2336 1568 2367 ταῖς

243 2383 412 2416 ἐκδόσεσιν
428 2383 516 2416 ἀλλὰ
537 2384 588 2415 καὶ
612 2386 645 2415 ἐν
662 2386 730 2417 τοῖς
748 2382 1013 2425 συγγράμμασιν)
1030 2392 1035 2411 :
1061 2380 1193 2413 ἀπόειπε
1215 2378 1382 2412 κελεύθους
1398 2389 1427 2409 v.
1445 2378 1465 2410 l.
1483 2382 1564 2417 ant„

243 2427 337 2457 codd.
