1660 2802
654 142 687 175 5.
761 137 1021 174 ΙΛΙΑΔΟΣ
1068 139 1099 175 Ε

218 237 269 287 μὴ
295 237 347 275 τὼ
371 239 443 286 μὲν
469 239 648 277 δείσαντε
672 236 908 288 ματήσετον,
935 239 1014 278 οὐδ’
1040 237 1228 289 ἐθέλητον

219 301 433 354 ἐκφερέμεν
459 301 660 354 πολέμοιο,
687 303 776 344 τεὸν
802 306 982 356 φθόγγον
1006 304 1205 353 ποθέοντε,

218 372 288 409 νῶϊ
311 369 344 407 δ’
371 367 531 419 ἐπαΐξας
555 370 780 421 μεγαθύμου
804 369 950 412 Τυδέος
974 371 1055 414 υἱὸς
1475 388 1538 419 235

219 435 320 475 αὐτώ
347 452 388 475 τε
414 437 543 491 κτείνῃ
569 437 630 476 καὶ
657 435 814 492 ἐλάσσῃ
838 437 1021 490 μώνυχας
1045 439 1199 480 ἵππους.

218 502 323 541 ἀλλὰ
349 501 401 541 σύ
424 501 460 554 γ’
486 502 600 543 αὐτὸς
625 502 764 543 ἔλαυνε
789 501 849 542 τέ’
874 502 1026 555 ἅρματα
1052 505 1113 544 καὶ
1137 505 1210 544 τεὼ
1236 506 1354 552 ἵππω,

217 568 329 607 τόνδε
354 567 386 606 δ’
412 569 516 619 ἐγὼν
540 570 701 609 ἐπιόντα
726 567 930 620 δεδέξομαι
954 569 1037 620 ὀξέϊ
1061 570 1207 622 δουρί.”

277 632 357 675 ὸΩς
383 633 457 686 ἄρα
482 634 755 686 φωνήσαντες,
784 637 822 677 ἐς
847 635 1000 687 ἅρματα
1024 638 1183 677 ποικίλα
1206 636 1365 688 βάντες,

219 700 438 750 ἐμμεμαῶτ’
465 702 527 741 ἐπὶ
553 701 718 758 Τυδεΐδῃ
745 702 839 754 ἕχον
865 701 987 744 ὠκέας
1012 704 1164 745 ἵππους.
1474 719 1538 749 240

217 765 305 808 τοὺς
331 768 371 806 δὲ
398 768 452 807 ’ίδε
481 765 685 815 Σθένελος,
715 767 940 819 Καπανήϊος
966 769 1114 821 ἀγλαὸς
1139 771 1232 817 υἱός,

217 832 321 884 αἶψα
347 835 388 873 δὲ
412 833 603 884 Τυδεΐδην
630 834 726 875 ἔπεα
750 836 963 886 πτερόεντα
987 837 1204 888 προσηύδα·

219 901 243 916 “
259 898 427 950 Τυδεΐδη
456 901 662 951 Διόμηδες,
692 902 770 956 ἐμῷ
796 900 1058 955 κεχαρισμένε
1083 904 1202 957 θυμῷ,

215 965 320 1017 ἄνδρ’
348 967 447 1018 ὁρόω
474 968 645 1020 κρατερὼ
672 968 734 1008 ἐπὶ
761 968 825 1008 σοὶ
849 972 1028 1019 μεμαῶτε
1051 968 1263 1022 μάχεσθαι,

215 1031 265 1072 ἶν’
292 1030 510 1085 ἀπέλεθρον
535 1033 713 1086 ἔχοντας·
752 1036 772 1074 ὁ
796 1037 868 1085 μὲν
894 1034 1019 1085 τόξων
1044 1034 1085 1075 ἐῢ
1111 1037 1233 1082 εἰδώς,
1476 1051 1536 1082 245

218 1096 437 1149 Πάνδαρος,
465 1099 548 1142 υἱὸς
572 1099 603 1139 δ’
629 1101 719 1141 αὖτε
745 1101 943 1144 Λυκάονος
969 1102 1128 1155 εὔχεται
1152 1101 1263 1143 εἶναι·

216 1165 376 1206 Αἰνείας
393 1165 425 1204 δ’
453 1165 536 1208 υἱὸς
559 1168 631 1217 μὲν
657 1168 852 1218 ἀμύμονος
877 1167 1073 1221 Ἀγχίσαο

217 1231 374 1284 εὔχεται
399 1231 626 1284 ἐκγεγάμεν,
653 1232 778 1285 μήτηρ
805 1232 847 1274 δέ
872 1235 911 1274 οἵ
933 1234 1016 1274 ἐστ’
1042 1234 1269 1287 Ἀφροδίτη.

215 1297 307 1338 ἀλλ’
331 1297 403 1350 ἄγε
428 1298 472 1348 δὴ
499 1299 693 1351 χαζώμεθ’
719 1299 782 1352 ἐφ’
808 1301 950 1347 ἵππων,
976 1299 1074 1351 μηδέ
1098 1318 1164 1351 μοι
1188 1302 1287 1342 οὕτω

212 1366 302 1405 θῦνε
329 1366 391 1405 διὰ
417 1365 644 1418 προμάχων,
670 1365 722 1417 μή
748 1383 830 1409 πως
856 1368 977 1419 φίλον
1001 1365 1095 1419 ἦτορ
1118 1365 1337 1424 ὀλέσσῃς.”
1473 1382 1537 1412 ²50

279 1431 360 1471 Τὸν
386 1431 418 1471 δ’
444 1431 502 1483 ἄρ’
528 1433 678 1484 ὑπόδρα
704 1433 795 1474 ἰδὼν
820 1431 1004 1486 προσέφη
1032 1433 1214 1486 κρατερὸς
1241 1433 1453 1485 Διομήδης·

213 1499 238 1514 “
257 1496 309 1548 μή
335 1514 370 1537 τι
396 1498 565 1550 φόβονδ’
592 1499 758 1550 ἀγόρευ’,
787 1499 871 1540 ἐπεὶ
895 1498 985 1540 οὐδέ
1010 1517 1058 1540 σε
1082 1498 1272 1551 πεισέμεν
1297 1502 1378 1542 οἵω.

211 1564 255 1604 οὐ
284 1563 358 1619 γάρ
383 1581 449 1614 μοι
474 1568 656 1616 γενναῖον
681 1565 942 1616 ἀλυσκάζοντι
965 1565 1166 1620 μάχεσθαι

211 1630 298 1670 οὐδὲ
328 1632 642 1672 καταπτώσσειν·
681 1632 737 1672 ἔτι
762 1649 828 1683 μοι
851 1631 967 1683 μένος
993 1633 1160 1684 ἔμπεδόν
1185 1633 1308 1674 ἐστιν·

210 1697 346 1738 ὀκνείω
371 1697 403 1737 δ’
433 1698 562 1738 ἵππων
589 1696 857 1750 ἐπιβαινέμεν,
885 1700 990 1739 ἀλλὰ
1015 1700 1078 1740 καὶ
1103 1700 1227 1742 αὕτως
1472 1713 1533 1744 255

210 1765 343 1805 ἀντίον
371 1763 444 1816 εἶμ’
470 1764 609 1805 αὐτῶν·
647 1769 752 1817 τρεῖν
776 1765 816 1816 μ’
841 1765 908 1806 οὐκ
935 1767 979 1821 ἐᾷ
1004 1768 1173 1808 Παλλὰς
1197 1766 1356 1818 Ἀθήνη.

209 1832 331 1871 τούτω
358 1831 390 1871 δ’
415 1832 460 1872 οὐ
483 1831 604 1872 πάλιν
631 1831 738 1874 αὖτις
763 1833 976 1873 ἀποίσετον
1001 1830 1118 1875 ὠκέες
1142 1833 1255 1874 ἵπποι

208 1897 328 1950 ἄμφω
353 1897 423 1950 ἀφ’
448 1898 606 1949 ἡμείων,
636 1900 673 1939 εἵ
695 1898 732 1950 γ’
758 1899 827 1940 οὖν
852 1899 984 1951 ἕτερός
1008 1916 1053 1951 γε
1077 1899 1267 1955 φύγῃσιν.

208 1963 310 2003 ἄλλο
336 1962 378 2004 δέ
403 1981 461 2004 τοι
489 1963 597 2016 ἐρέω,
626 1965 675 2005 σὺ
700 1965 732 2004 δ’
758 1965 815 2006 ἐνὶ
841 1966 961 2018 φρεσὶ
986 1965 1143 2017 βάλλεο
1169 1971 1301 2023 σῇσιν·

208 2031 250 2070 αἵ
272 2029 337 2070 κέν
361 2047 427 2081 μοι
452 2031 704 2082 πολύβουλος
729 2030 875 2082 Ἀθήνη
902 2034 1013 2074 κῦδος
1036 2030 1153 2088 ὀρέξῃ
1469 2035 1533 2066 260

208 2094 420 2149 ἀμφοτέρω
447 2102 604 2144 κτεῖναι,
634 2098 683 2138 σὺ
708 2101 751 2139 δὲ
774 2098 916 2139 τούσδε
939 2100 1011 2149 μὲν
1037 2096 1159 2140 ὠκέας
1184 2099 1326 2140 ἵππους

253 2195 315 2226 234
339 2185 506 2219 ποθέοντες
530 2186 735 2236 acfhopffi
746 2187 796 2219 Ve
812 2187 854 2218 al.
1001 2197 1066 2228 239
1089 2187 1281 2229 φωνήσαντε
1297 2193 1387 2221 ank
1404 2189 1446 2221 al.

207 2229 307 2267 βάντε
323 2234 349 2260 h
365 2229 407 2260 al.
571 2240 633 2270 245
659 2232 777 2272 ἔχοντε
794 2235 868 2268 clq
884 2230 925 2262 al.
1085 2241 1147 2270 247
1171 2231 1230 2271 μὲν
1247 2232 1405 2273 ἀμύμονος
1422 2232 1511 2273 vulg.
1527 2243 1534 2264 z

207 2273 429 2315 μεγαλήτορος
445 2283 467 2304 a
478 2283 502 2311 g
514 2277 590 2304 iko
606 2275 637 2304 A
653 2285 698 2306 ss.
718 2274 758 2306 al.
904 2284 1057 2315 249-250
1080 2275 1149 2306 ath.
1169 2274 1250 2305 Zen.
1397 2286 1461 2317 249
1485 2278 1535 2317 ἐφ’

206 2317 310 2349 ἵππων
326 2315 385 2347 Ar.
407 2316 501 2348 codd.
520 2328 527 2347 t
552 2319 601 2354 ἐφ’
615 2319 730 2350 ἵππους
750 2329 782 2348 v.
795 2318 814 2349 l.
835 2322 903 2350 ant.
926 2320 967 2360 (Ἰ)
1149 2327 1212 2357 252
1237 2318 1292 2360 σε]
1310 2332 1349 2359 με
1368 2319 1456 2352 Plut.
1472 2319 1531 2351 vit.

209 2359 310 2391 Hom.
331 2370 360 2391 2.
384 2369 454 2401 134,
475 2359 566 2397 gL12
580 2360 624 2391 U1
796 2371 858 2401 253
883 2360 1110 2402 ἀλυσκάζοντα
1128 2360 1175 2393 0⁷
1191 2372 1221 2391 v.
1235 2361 1256 2393 1.
1275 2372 1328 2402 ap.
1349 2362 1443 2394 Eust.

208 2412 270 2444 255
296 2403 484 2444 ἐπιβήμεναι
499 2408 513 2434 l
582 2403 699 2445 αὕτως]
720 2404 819 2444 ἔμπης
835 2404 887 2436 Ve
951 2405 1015 2444 258
1039 2407 1071 2446 ’γ’
1087 2404 1146 2436 Ar.
1166 2405 1262 2436 codd.
1279 2416 1285 2435 :
1310 2407 1337 2437 κ’
1355 2417 1386 2437 ν.
1400 2406 1420 2438 l.
1441 2407 1534 2437 ant-2
