1624 2802
620 655 872 703 ΙΑΙΑΔΟΣ
944 661 984 700 Κ

678 836 917 882 Δολώνεια

134 956 279 998 ’Ἄλλοι
303 957 375 1008 μὲν
401 960 505 1010 παρὰ
530 958 667 1008 νηυσὶν
692 959 877 1010 ἀριστῆες
902 961 1145 1011 Παναχαιῶν

140 1023 250 1064 εὗδον
276 1024 498 1077 παννύχιοι,
525 1029 687 1079 μαλακῷ
713 1023 944 1075 δεδμημένοι
969 1026 1088 1079 ὕπνῳ·

138 1088 228 1129 ἀλλ’
255 1090 322 1130 οὐκ
350 1089 552 1142 Ἀτρεΐδην
577 1090 865 1142 Ἀγαμέμνονα,
893 1089 1059 1141 ποιμένα
1083 1094 1204 1138 λαῶν,

137 1156 257 1198 ὕπνος
282 1155 351 1208 ἔχε
376 1156 564 1208 γλυκερὸς
588 1158 720 1197 πολλὰ
746 1157 890 1209 φρεσὶν
917 1158 1163 1208 ὁρμαίνοντα.

139 1222 189 1264 ὡς
214 1221 246 1261 δ’
273 1221 328 1261 ὅτ’
353 1222 401 1262 ἂν
427 1222 634 1279 ἀστράπτῃ
660 1224 776 1264 πόσις
795 1222 927 1274 ’Ἠρης
952 1223 1147 1273 ἠϋκόμοιο,

138 1288 287 1341 τεύχων
311 1285 334 1338 ἢ
361 1288 488 1329 πολὺν
512 1290 663 1340 ὄμβρον
692 1287 921 1341 ἀθέσφατον
947 1289 990 1339 ἠὲ
1015 1289 1194 1342 χάλαζαν

137 1351 160 1404 ἢ
186 1355 359 1405 νιφετόν,
388 1356 452 1395 ὅτε
477 1354 547 1406 πέρ
573 1372 615 1395 τε
639 1356 737 1408 χιὼν
764 1355 958 1396 ἐπάλυνεν
984 1355 1161 1407 ἀρούρας,

135 1420 182 1469 ἠέ
205 1423 296 1461 ποθι
321 1420 532 1471 πτολέμοιο
557 1421 660 1473 μέγα
687 1422 814 1472 στόμα
841 1424 1103 1467 πευκεδανοῖο,

137 1486 187 1528 ὣς
211 1486 335 1527 πυκίν’
363 1489 405 1527 ἐν
431 1486 651 1537 στήθεσσιν
678 1487 954 1540 ἀνεστενάχιζ’
979 1486 1237 1538 Ἀγαμέμνων

135 1553 286 1593 νειόθεν
311 1554 353 1593 ἐκ
380 1554 547 1604 κραδίης,
577 1553 788 1604 τρομέοντο
815 1553 856 1593 δέ
879 1555 915 1593 οἱ
940 1552 1081 1604 φρένες
1106 1554 1229 1596 ἐντός.

136 1618 221 1669 ἤτοι
244 1618 300 1658 ὅτ’
325 1620 365 1661 ἐς
390 1620 524 1660 πεδίον
551 1620 594 1659 τὸ
619 1619 795 1671 Τρωϊκὸν
822 1618 1019 1671 ἀθρήσειε,

136 1685 328 1736 θαύμαζεν
353 1687 453 1737 πυρὰ
479 1685 622 1731 πολλά,
650 1687 697 1725 τὰ
723 1686 851 1726 καίετο
876 1685 1013 1725 Ἰλιόθι
1038 1686 1124 1737 πρό,

137 1750 266 1792 αὐλῶν
292 1753 490 1804 συρίγγων
515 1751 547 1791 τ’
575 1751 719 1802 ἐνοπὴν
746 1752 891 1802 ὅμαδόν
915 1751 948 1791 τ’
974 1751 1202 1803 ἀνθρώπων.

137 1816 255 1869 αὐτὰρ
280 1817 335 1858 ὅτ’
362 1819 401 1859 ἐς
425 1817 520 1868 νῆάς
545 1835 587 1859 τε
612 1820 685 1858 ’ίδοι
712 1819 774 1858 καὶ
799 1818 898 1858 λαὸν
922 1817 1110 1870 Ἀχαιῶν,

137 1885 290 1926 πολλὰς
316 1885 357 1924 ἐκ
384 1887 560 1937 κεφαλῆς
586 1885 880 1936 προθελύμνους
905 1884 1042 1925 ἕλκετο
1066 1884 1206 1936 χαίτας

136 1950 253 2002 ὑψόθ’
278 1951 383 1991 ἐόντι
409 1952 488 1997 Διί,
514 1950 617 2003 μέγα
641 1950 673 1991 δ’
700 1952 836 1992 ἔστενε
864 1950 1074 2002 κυδάλιμον
1102 1952 1184 2002 κῆρ.

137 2016 204 2066 ἥδε
229 2016 270 2057 δέ
294 2019 330 2057 οἱ
357 2018 452 2056 κατὰ
477 2017 597 2067 θυμὸν
623 2018 762 2070 ἀρίστη
790 2018 954 2069 φαίνετο
980 2015 1123 2067 βουλή,

139 2081 309 2135 Νέστορ’
337 2083 401 2124 ἔπι
425 2087 579 2135 πρῶτον
606 2083 786 2135 Νηλήϊον
814 2083 978 2134 ἐλθέμεν
1005 2084 1167 2134 ἀνδρῶν,

139 2149 175 2189 εἴ
194 2149 282 2190 τινά
306 2151 342 2190 οἱ
368 2149 441 2190 σὺν
464 2152 580 2201 μῆτιν
606 2150 785 2201 ἀμύμονα
809 2148 1048 2196 τεκτήναιτο,

1422 1568 1459 1589 10

1420 1894 1456 1925 15

180 2251 191 2270 1
219 2241 317 2274 ὧλλοι
335 2242 416 2274 zen.
565 2256 582 2284 7
607 2246 662 2278 ὅτε
679 2247 737 2288 πέρ
754 2247 807 2288 τε]
826 2250 950 2280 πολλὰς
970 2248 1003 2280 δὲ
1023 2249 1074 2279 cit.
1093 2248 1198 2280 schol.
1216 2249 1273 2281 Ar.
1293 2249 1378 2281 Nub.
1397 2253 1460 2282 262

221 2294 259 2314 10
290 2285 450 2325 φοβέοντο
475 2287 579 2319 Zen.:
613 2291 681 2331 περὶ
705 2295 767 2331 γὰρ
792 2291 837 2322 δίε
865 2293 975 2328 νηυσὶν
1001 2291 1141 2332 Ἀχαιῶν
1166 2292 1378 2333 Chrysippus
1402 2305 1453 2334 ap.

133 2326 248 2358 Galen.
269 2329 310 2358 de
328 2329 410 2367 plac.
434 2330 536 2370 Hipp.
555 2336 588 2362 et
606 2331 686 2364 Plat.
708 2333 751 2364 iii.
778 2343 788 2363 1
801 2343 834 2371 14
938 2345 975 2373 19
1003 2338 1160 2375 συμμῆτιν
1179 2346 1206 2368 v.

132 2370 221 2400 noC
236 2370 279 2400 Ν4
293 2371 378 2403 05Τ
395 2372 438 2404 al.

1223 2335 1240 2366 l.
1262 2344 1330 2368 ant.
1350 2341 1457 2370 fhik
