1629 2828
574 149 609 182 4.
684 143 943 180 ΙΛΙΑΔΟΣ
992 146 1026 180 Δ

146 248 210 289 οὓς
235 246 390 298 ἑτάρους
416 245 636 285 στέλλοντα
663 246 723 286 καὶ
749 246 960 297 ὀτρύνοντα
985 244 1197 297 μάχεσθαι,

146 314 246 366 ἀμφὶ
270 312 395 365 μέγαν
419 311 660 364 Πελάγοντα
685 310 914 363 Ἀλάστορά
940 327 982 350 τε
1007 313 1183 363 Χρομίον
1207 328 1249 352 τε
1405 325 1466 355 295

146 378 296 430 Αἵμονά
319 395 363 419 τε
387 378 565 429 κρείοντα
591 377 739 418 Βίαντά
767 394 820 423 τε,
852 376 1020 427 ποιμένα
1043 380 1166 417 λαῶν·

147 447 291 495 ἱππῆας
315 446 387 496 μὲν
411 448 545 496 πρῶτα
570 444 642 484 σὺν
669 445 852 484 ἵπποισιν
880 443 942 483 καὶ
966 445 1130 496 ὄχεσφι,

147 511 283 562 πεζοὺς
307 510 339 551 δ’
363 508 521 560 ἐξόπιθε
547 512 699 560 στῆσεν
727 509 875 551 πολέας
899 526 941 550 τε
967 510 1029 549 καὶ
1055 509 1236 555 ἐσθλούς,

148 579 257 630 ἕρκος
281 576 373 628 ἔμεν
398 575 601 626 πολέμοιο·
645 575 784 618 κακοὺς
810 575 842 616 δ’
870 577 909 617 ἐς
933 575 1087 626 μέσσον
1113 576 1302 622 ἔλασσεν,

147 645 252 696 ὄφρα
277 643 338 683 καὶ
363 643 430 684 οὐκ
457 642 606 683 ἐθέλων
636 659 694 684 τις
720 643 911 698 ἀναγκαίῃ
936 642 1153 692 πολεμίζοι.
1410 655 1473 685 300

149 712 330 751 ἱππεῦσιν
353 710 425 760 μὲν
450 708 569 760 πρῶτ’
600 709 848 750 ἐπετέλλετο·
884 707 974 750 τοὺς
998 710 1072 760 γὰρ
1099 709 1241 760 ἀνώγει

149 775 276 828 σφοὺς
299 775 440 816 ἵππους
472 774 613 828 ἐχέμεν
637 777 733 826 μηδὲ
760 774 993 815 κλονέεσθαι
1018 776 1156 828 ὁμίλῳ·

150 845 174 860 “
190 841 288 893 μηδέ
312 858 369 883 τις
396 842 597 897 ἱπποσύνῃ
622 859 665 882 τε
690 842 752 882 καὶ
776 840 966 892 ἠνορέηφι
990 842 1186 882 πεποιθὼς

149 908 227 950 οἶος
252 907 392 960 πρόσθ’
426 907 562 948 ἄλλων
585 907 744 959 μεμάτω
767 908 954 959 Τρώεσσι
977 907 1191 959 μάχεσθαι,

149 974 236 1025 μηδ’
266 973 533 1026 ἀναχωρείτω·
572 975 883 1025 ἀλαπαδνότεροι
907 975 982 1026 γὰρ
1007 974 1163 1013 ἔσεσθε.
1412 985 1474 1015 305

149 1039 190 1082 ὃς
220 1040 261 1081 δέ
286 1039 319 1080 κ’
346 1040 443 1092 ἀνὴρ
473 1040 549 1081 ἀπὸ
574 1041 628 1080 ὧν
653 1040 780 1093 ὀχέων
805 1039 904 1092 ἕτερ’
930 1038 1072 1091 ἅρμαθ’
1098 1040 1237 1088 ἵκηται,

151 1107 261 1159 ἔγχει
287 1105 505 1159 ὀρεξάσθω,
533 1107 617 1147 ἐπεὶ
643 1106 666 1157 ἦ
690 1106 792 1147 πολὺ
817 1105 1008 1158 φέρτερον
1033 1106 1144 1145 οὕτω.

150 1173 223 1213 ὧδε
249 1173 310 1213 καὶ
341 1174 376 1213 οἱ
402 1173 582 1224 πρότεροι
605 1173 753 1214 πόλεας
775 1172 837 1212 καὶ
862 1170 982 1224 τείχε’
1008 1172 1206 1222 ἐπόρθεον,

151 1240 261 1279 τόνδε
290 1239 382 1280 νόον
410 1238 472 1278 καὶ
499 1238 618 1289 θυμὸν
643 1238 700 1278 ἐνὶ
726 1236 947 1287 στήθεσσιν
973 1236 1172 1290 ἔχοντες.”

209 1303 288 1347 ΛΩς
319 1305 339 1344 ὁ
363 1304 489 1357 γέρων
515 1305 659 1356 ὤτρυνε
683 1303 807 1345 πάλαι
832 1303 1017 1354 πολέμων
1042 1301 1083 1343 ἐῢ
1109 1304 1231 1345 εἰδώς·
1413 1317 1475 1347 310

153 1371 213 1412 καὶ
239 1371 306 1412 τὸν
333 1373 405 1422 μὲν
431 1370 607 1423 γήθησεν
633 1371 724 1411 ἰδὼν
750 1371 887 1422 κρείων
904 1368 1184 1421 ’Ἀγαμέμνων,

152 1439 217 1478 καί
238 1454 304 1489 μιν
333 1436 526 1490 φωνήσας
552 1437 649 1477 ἔπεα
673 1437 886 1488 πτερόεντα
910 1436 1124 1487 προσηύδα·

152 1505 178 1521 “
195 1501 223 1544 ὦ
248 1503 376 1556 γέρον,
414 1503 497 1550 εἴθ’,
525 1503 576 1546 ὡς
600 1502 718 1553 θυμὸς
744 1504 800 1543 ἐνὶ
827 1501 1021 1552 στήθεσσι
1047 1502 1241 1553 φίλοισιν,

151 1569 202 1612 ὥς
225 1587 285 1610 τοι
309 1569 468 1622 γούναθ’
503 1569 649 1615 ἕποιτο,
675 1570 745 1619 βίη
772 1568 814 1608 δέ
837 1585 897 1608 τοι
925 1568 1090 1618 ἔμπεδος
1115 1569 1186 1617 εἴη’

153 1635 257 1676 ἀλλά
283 1653 331 1676 σε
355 1638 476 1688 γῆρας
511 1637 630 1687 τείρει
655 1635 818 1685 ὁμοίϊον·
856 1634 907 1676 ὡς
931 1633 1079 1686 ὄφελέν
1104 1650 1162 1675 τις
1416 1647 1475 1677 315

152 1702 301 1754 ἀνδρῶν
327 1701 451 1744 ἄλλος
479 1702 602 1755 ἔχειν,
632 1701 681 1742 σὺ
707 1703 747 1741 δὲ
774 1699 1038 1752 κουροτέροισι
1061 1699 1274 1750 μετεῖναι.”

216 1768 297 1808 Τὸν
322 1768 354 1808 δ’
379 1767 556 1819 ἠμείβετ’
590 1768 725 1808 ἔπειτα
749 1766 932 1818 Γερήνιος
958 1767 1103 1806 ἱππότα
1127 1765 1309 1817 Νέστωρ·

153 1835 178 1852 “
194 1832 384 1885 Ἀτρεΐδη,
412 1834 521 1884 μάλα
547 1833 618 1884 μέν
646 1851 706 1874 τοι
732 1834 833 1885 ἐγὼν
859 1832 1034 1883 ἐθέλοιμι
1060 1833 1122 1872 καὶ
1147 1831 1262 1874 αὐτὸς

152 1899 202 1941 ὣς
226 1899 316 1950 ἔμεν
342 1900 392 1942 ὡς
418 1901 483 1941 ὅτε
508 1903 592 1941 δῖον
621 1899 915 1952 Ἐρευθαλίωνα
940 1898 1141 1939 κατέκταν.

152 1965 243 2006 ἀλλ’
268 1966 312 2006 οὔ
336 1982 417 2008 πως
446 1966 525 2017 ἅμα
548 1966 677 2007 πάντα
703 1967 785 2006 θεοὶ
810 1966 934 2005 δόσαν
961 1965 1240 2017 ἀνθρώποισιν·
1416 1977 1478 2008 320

152 2032 185 2071 εἶ
208 2032 296 2072 τότε
322 2036 456 2083 κοῦρος
481 2033 538 2078 ἔα,
566 2036 634 2073 νῦν
662 2032 753 2072 αὖτέ
776 2049 825 2082 με
849 2034 971 2084 γῆρας
996 2030 1143 2080 ὀπάζει.

191 2122 255 2161 296
277 2120 387 2153 Θόωνά
409 2134 447 2153 τε
471 2121 632 2162 Δηΐπυρόν
654 2135 692 2153 τε
715 2121 827 2162 Apoll.
854 2122 920 2152 lex.
948 2131 974 2152 s.
992 2132 1021 2151 v.
1050 2122 1163 2161 αἵμονα
1183 2122 1237 2160 (cf.
1265 2128 1292 2154 N
1315 2123 1372 2162 92)

149 2174 211 2204 297
234 2163 294 2204 μὲν
308 2164 434 2206 πρῶτα]
455 2166 620 2206 πρώτιστα
635 2169 657 2195 b
673 2164 716 2196 al.
891 2174 955 2204 299
979 2164 1122 2197 ἔλασσεν
1138 2164 1198 2196 ΑΓ.
1214 2166 1312 2197 codd.
1328 2177 1334 2196 τ
1360 2166 1470 2208 ἔεργεν

149 2217 178 2238 v.
191 2207 213 2238 l.
231 2211 298 2238 ant.
433 2216 497 2246 303
521 2207 715 2250 ἵπποσύνῃσι
732 2208 783 2240 καὶ
798 2206 843 2256 D⁴
854 2218 874 2238 ο
890 2208 931 2238 al.
1075 2208 1140 2245 308
1165 2208 1284 2240 πόλεας
1299 2208 1361 2240 Ar.
1380 2209 1465 2241 Ptol.

149 2250 226 2281 Asc.
242 2250 333 2281 Hdn.
346 2248 418 2298 pq
430 2249 462 2280 A
477 2251 519 2280 al.
532 2261 538 2280 :
561 2250 675 2283 πόλιας
689 2250 777 2290 vulg.
863 2250 1013 2292 ἐπόρθεον
1026 2250 1056 2279 Α
1067 2251 1119 2281 Ge
1133 2249 1174 2280 L2
1184 2250 1294 2282 L10T:
1320 2251 1470 2293 ἐπόρθευν

150 2291 231 2324 V¹²z
256 2293 406 2334 ἐπόρθουν
421 2293 511 2332 vulg.
611 2295 676 2333 318
699 2294 764 2333 τοι]
783 2307 838 2326 κεν
853 2292 1061 2340 adeghp‘
1079 2293 1119 2324 al.
1220 2302 1286 2333 319
1309 2295 1469 2327 κατέκταν

150 2334 206 2366 Ar.
225 2335 316 2366 Hdn.
330 2336 419 2375 vulg.
435 2347 442 2365 :
468 2336 609 2369 κατέκτα
624 2347 690 2368 cm
704 2336 745 2367 L2
755 2336 815 2368 V¹⁵
825 2337 875 2367 Ve
892 2336 932 2367 al.
953 2348 959 2366 :
983 2336 1140 2368 κατέκτον
1155 2335 1187 2366 Α
1205 2346 1249 2368 ss.
1267 2337 1294 2368 B
1307 2337 1333 2368 C
1346 2338 1397 2369 Ge
1408 2337 1469 2368 V2⁰

236 2388 300 2418 320
321 2379 389 2409 ath.
408 2378 465 2410 Ar.
486 2379 539 2419 (cf.
561 2385 588 2411 N
606 2381 683 2419 729)
794 2382 829 2411 οὐ
844 2380 907 2420 γάρ
924 2392 988 2412 πως
1006 2379 1104 2410 Dion.
1127 2379 1201 2411 Hal.
1221 2380 1263 2411 de
1280 2381 1347 2419 ing.
1369 2381 1464 2411 Dem.

152 2430 193 2461 54
301 2431 361 2462 321
387 2421 495 2462 ὀπάζει
512 2421 570 2453 Ar.
587 2427 613 2454 h
624 2422 698 2454 P¹⁰:
725 2423 823 2456 ἱκάνει
840 2423 926 2462 vulg.
