1629 2828
522 149 936 191 PRAEFATIO

71 260 112 300 in
133 264 302 300 textum
326 273 412 300 non
434 260 573 301 solum
598 260 693 303 σάος
716 261 827 310 σάου,
851 261 925 301 sed
954 261 1084 301 etiam
1109 260 1184 310 σάη
1209 260 1285 301 σάα
1309 268 1386 301 etc.

71 341 273 381 reponere
314 329 446 383 paulo
481 336 593 370 esset
634 330 847 370 audacius.
913 330 1073 370 Forma
1108 336 1252 370 autem
1296 330 1390 371 σόος

69 412 92 439 e
112 398 257 439 formis
284 398 380 441 σάος
401 406 444 440 et
475 403 555 441 σῶς
583 399 951 440 contaminatione
973 399 1164 452 quadam
1190 406 1293 440 nata
1315 405 1390 449 est,

70 473 116 507 ut
145 467 243 518 ὁρόω
275 480 331 506 ex
363 468 466 519 ὁράω
497 475 539 508 et
571 469 657 519 ὁρῶ.
723 468 802 508 Est
835 468 966 521 igitur
994 468 1172 517 novicia,
1195 469 1269 508 sed
1303 469 1388 508 iam

68 542 167 576 ante
189 542 378 577 aetatem
401 536 752 577 Alexandrinam
775 537 962 589 vulgata.

127 616 188 658 13.
223 604 498 658 Participium
520 606 632 657 ἰδυῖα,
650 605 822 658 linguae
846 605 1037 646 Graecae
1056 612 1386 646 monumentum

65 673 413 724 vetustissimum,
447 673 700 715 Aristarcho
733 674 841 714 duce
875 674 1151 719 restituimus,
1190 687 1276 714 uno
1311 687 1387 713 ex-

65 748 191 794 cepto
230 740 325 782 loco
367 741 434 793 (ll.
472 742 571 782 xvii.
609 742 667 795 5),
705 743 778 783 ubi
816 744 940 783 εἰδυῖα
978 744 1214 795 irrepserat,
1251 742 1389 782 forma

65 809 223 852 scilicet
245 824 269 850 a
292 810 528 851 masculino
551 811 662 852 εἰδώς
684 825 758 864 per
779 810 1024 865 analogiam
1048 810 1158 851 ficta.

123 890 185 928 14.
220 878 484 920 Litterarum
519 896 575 919 νσ
610 880 953 938 coniunctionem
992 879 1262 921 tolerandam
1295 892 1386 919 esse

64 947 106 987 in
129 947 276 988 formis
298 948 547 1001 compositis
569 948 718 1000 quales
742 955 842 988 sunt
868 949 1076 1003 πανσυδίῃ,
1099 946 1386 998 ἀνστήσεσθαι,

0 1023 1 1026 ’
63 1013 213 1068 ἄνσχεο
235 1016 327 1056 sim.
353 1016 593 1057 Aristarchi
615 1024 895 1070 praeceptum
918 1024 1019 1057 erat.

126 1094 187 1137 15.
221 1085 394 1125 Nomen
434 1084 698 1137 Σκάμανδρος,
739 1087 857 1138 quod
911 1086 1144 1126 Homerice
1193 1098 1278 1125 non
1321 1090 1385 1124 est

63 1153 213 1204 dicere,
228 1153 353 1194 multi
372 1153 467 1194 libri
491 1160 628 1195 metro
646 1160 851 1207 aptarunt
875 1155 998 1194 unius
1018 1152 1187 1194 litterae
1210 1154 1383 1200 iactura,

62 1227 109 1261 ut
144 1220 373 1273 Κάμανδρος
411 1222 609 1263 eveniret.
689 1223 758 1262 De
794 1222 874 1263 hac
912 1236 957 1262 re
990 1222 1094 1262 satis
1131 1221 1210 1262 erit
1250 1220 1383 1261 semel

65 1291 288 1332 monuisse.

122 1359 183 1398 16.
219 1359 288 1400 De
311 1359 562 1401 lectionibus
593 1374 648 1400 ex
676 1360 874 1400 itacismo
904 1361 1015 1400 natis
1044 1359 1161 1399 haud
1190 1371 1298 1410 opus
1320 1364 1383 1398 est

62 1427 198 1469 multa
219 1428 411 1482 praefari.
475 1428 587 1470 Cum
609 1429 723 1469 enim
750 1428 922 1470 codices
948 1428 1020 1468 alii
1044 1441 1235 1469 errorum
1258 1427 1383 1467 huius

61 1497 227 1549 generis
248 1497 364 1551 pleni
386 1497 485 1548 sint,
507 1498 579 1538 alii
607 1505 680 1538 aut
711 1498 952 1540 accuratius
974 1497 1121 1550 scripti
1148 1503 1222 1537 aut
1246 1510 1270 1536 a
1292 1509 1382 1537 cor-

60 1570 221 1604 rectore
242 1564 390 1616 aliquo
417 1564 649 1612 emendati,
672 1565 796 1605 nobis
827 1565 1080 1618 plerumque
1104 1563 1144 1603 in
1175 1568 1382 1615 promptu

61 1638 125 1672 est
162 1631 519 1687 orthographiam
560 1633 785 1686 antiquam
828 1633 1059 1673 restituere.
1125 1631 1192 1671 De
1235 1630 1382 1671 formis

59 1700 318 1753 quibusdam
336 1701 503 1742 nonnisi
525 1701 849 1754 inscriptionum
873 1701 1039 1742 auxilio
1057 1701 1258 1742 certiores
1279 1699 1381 1740 facti

59 1781 206 1810 Sumus
225 1785 234 1818 3
266 1777 313 1810 ut
336 1771 390 1811 de
417 1768 574 1824 θνῄσκω
597 1777 639 1810 et
668 1767 845 1824 θρῴσκω,
868 1770 985 1810 τείσω
1009 1770 1143 1810 ἕτεισα
1167 1768 1262 1822 (pro
1284 1768 1381 1809 τίσω

62 1837 206 1891 ἔτισα),
229 1839 384 1890 οἰκτίρω
408 1839 503 1892 (pro
527 1837 730 1893 οἰκτείρω).

1052 1907 1105 1946 D.
1131 1906 1176 1946 B.
1204 1906 1263 1945 M.

102 1986 231 2017 Datum
248 1997 277 2017 a.
299 1996 401 2018 mcmn

697 2446 765 2478 xvir
1257 2442 1279 2474 b
