1660 2802
611 132 670 168 11.
749 128 1001 167 [ᾹΙΑΔΟΣ
1052 131 1084 167 Α

180 230 221 268 ἐκ
247 227 279 267 δ’
307 229 326 267 ὁ
351 227 480 280 γέρων
506 228 655 281 ἀγέλην
681 247 723 271 τε
749 235 859 281 βοῶν
887 233 949 272 καὶ
975 235 1058 273 πῶϋ
1079 232 1168 285 μέγ’
1195 235 1288 275 οἰῶν

180 296 322 341 εἵλετο,
352 295 579 347 κρινάμενος
603 297 796 348 τριηκόσι’
823 298 890 348 ἠδὲ
915 301 1074 349 νομῆας.

181 362 243 401 καὶ
268 362 343 412 γὰρ
367 366 419 416 τῷ
446 367 577 415 χρεῖος
601 362 691 415 μέγ’
719 364 896 417 ὀφείλετ’
922 366 964 406 ἐν
985 364 1126 406 ἸΗλιδι
1153 368 1227 423 δίῃ,

180 426 372 479 τέσσαρες
398 429 617 481 ἀθλοφόροι
644 431 757 472 ἵπποι
784 431 962 472 αὐτοῖσιν
987 434 1175 485 ὄχεσφιν,

181 494 363 536 ἐλθόντες
388 494 471 545 μετ’
498 495 634 536 ἄεθλα·
675 498 762 549 περὶ
789 498 971 549 τρίποδος
997 500 1071 550 γὰρ
1098 500 1268 550 ἔμελλον

181 561 407 601 θεύσεσθαι·
444 562 534 604 τοὺς
559 562 593 602 δ’
620 563 708 604 αὖθι
735 563 836 614 ἄναξ
860 565 1010 617 ἀνδρῶν
1037 565 1204 617 Αὐγείας

183 625 367 680 κάσχεθε,
394 628 462 667 τὸν
486 627 518 667 δ’
547 629 706 681 ἐλατῆρ’
735 631 848 682 ἀφίει
874 630 1126 685 ἀκαχήμενον
1151 633 1293 674 ἵππων.

182 697 258 733 τῶν
284 694 303 732 ὁ
328 693 453 745 γέρων
480 694 606 736 ἐπέων
633 697 909 749 κεχολωμένος
935 697 1002 747 ἠδὲ
1029 699 1090 739 καὶ
1118 699 1243 751 ἔργων

183 758 329 810 ἐξέλετ’
354 759 508 801 ἄσπετα
532 762 677 802 πολλά·
717 765 764 802 τὰ
789 763 821 804 δ’
849 763 940 804 ἄλλ’
966 765 1005 806 ἐς
1029 767 1151 815 δῆμον
1176 766 1297 807 ἔδωκε

183 826 408 878 δαιτρεύειν,
436 826 488 878 μή
514 829 572 870 τίς
597 830 633 869 οἱ
660 830 933 880 ἀτεμβόμενος
960 832 1034 871 κίοι
1058 833 1161 881 ἴσης.

182 893 291 943 ἡμεῖς
316 895 388 943 μὲν
412 895 459 934 τὰ
484 895 632 936 ἕκαστα
658 897 872 948 διείπομεν,
903 898 1008 949 ἀμφί
1031 915 1073 939 τε
1099 898 1198 940 ἄστυ

183 959 345 1011 ἕρδομεν
371 962 433 1011 ἱρὰ
459 964 573 1003 θεοῖς·
611 964 647 1003 οἱ
673 964 714 1003 δὲ
739 964 855 1018 τρίτῳ
881 963 999 1014 ἤματι
1026 964 1170 1007 πάντες

183 1025 306 1075 ἦλθον
332 1027 433 1077 ὁμῶς
458 1027 570 1068 αὐτοί
592 1045 633 1070 τε
658 1033 795 1071 πολεῖς
823 1030 883 1071 καὶ
908 1031 1086 1085 μώνυχες
1111 1033 1222 1073 ἵπποι

184 1095 390 1148 πανσυδίῃ·
427 1096 525 1144 μετὰ
550 1094 592 1135 δέ
617 1101 692 1147 σφι
721 1097 897 1138 Μολίονε
925 1097 1183 1151 θωρήσσοντο

185 1159 287 1199 παῖδ’
314 1159 367 1199 ἔτ’
393 1160 505 1206 ἐόντ’,
533 1162 577 1201 οὔ
603 1178 661 1202 πω
687 1162 795 1213 μάλα
820 1165 944 1205 εἰδότε
971 1165 1146 1217 θούριδος
1172 1166 1309 1218 ἀλκῆς.

184 1227 270 1266 ἔστι
297 1225 339 1267 δέ
363 1243 420 1269 τις
447 1229 662 1279 Θρυόεσσα
687 1230 814 1276 πόλις,
845 1232 976 1271 αἰπεῖα
1003 1232 1167 1282 κολώνη,

184 1295 304 1342 τηλοῦ
328 1292 388 1333 ἐπ’
416 1292 606 1349 Ἀλφειῷ,
634 1295 748 1346 νεάτη
777 1297 914 1338 Πύλου
942 1297 1191 1348 ἠμαθόεντος·

184 1358 253 1408 τὴν
279 1359 637 1412 ἀμφεστρατόωντο
663 1366 885 1414 διαρραῖσαι
912 1368 1124 1414 μεμαῶτες.

186 1425 276 1465 ἀλλ’
301 1426 367 1467 ὅτε
392 1429 468 1466 πᾶν
495 1428 627 1468 πεδίον
651 1430 891 1479 μετεκίαθον,
923 1429 1020 1480 ἄμμι
1046 1430 1078 1470 δ’
1105 1430 1252 1481 Ἀθήνη

185 1491 356 1544 ἄγγελος
381 1491 476 1542 ἦλθε
503 1493 634 1534 θέουσ’
661 1494 726 1534 ἀπ’
753 1494 957 1546 Ὀλύμπου
988 1496 1272 1548 θωρήσσεσθαι

186 1558 359 1611 ἔννυχος,
387 1559 466 1599 οὐδ’
492 1559 657 1600 ἀέκοντα
684 1562 821 1602 Πύλον
847 1562 944 1602 κάτα
970 1563 1068 1604 λαὸν
1095 1563 1264 1616 ἄγειρεν,

187 1625 292 1664 ἀλλὰ
317 1625 409 1675 μάλ’
436 1626 678 1677 ἐσσυμένους
703 1629 939 1678 πολεμίζειν.
1013 1629 1102 1670 οὐδέ
1127 1647 1175 1681 με
1202 1629 1360 1681 Νηλεὺς

187 1692 247 1731 εἴα
272 1691 564 1744 θωρήσσεσθαι,
593 1693 820 1746 ἀπέκρυψεν
845 1694 885 1735 δέ
911 1713 976 1746 μοι
1001 1697 1154 1739 ἵππους·

187 1758 231 1798 οὐ
255 1757 330 1809 γάρ
355 1759 412 1798 πώ
440 1760 478 1798 τί
499 1759 537 1809 μ’
564 1760 639 1812 ἔφη
668 1762 778 1811 ἴδμεν
803 1761 999 1812 πολεμήϊα
1024 1763 1131 1815 ἔργα.

188 1825 294 1864 ἀλλὰ
321 1826 382 1865 καὶ
407 1826 458 1867 ῶς
485 1827 646 1867 ἱππεῦσι
670 1827 915 1880 μετέπρεπον
938 1829 1165 1882 ἡμετέροισι

190 1891 251 1930 καὶ
277 1891 390 1940 πεζός
416 1908 486 1943 περ
514 1892 599 1938 ἐών,
628 1894 712 1934 ἐπεὶ
741 1894 791 1936 ὣς
815 1894 887 1947 ἄγε
911 1899 1036 1937 νεῖκος
1062 1895 1219 1947 Ἀθήνη.

189 1957 276 1997 ἔστι
301 1956 343 1996 δέ
367 1974 423 1999 τις
449 1958 621 2009 ποταμὸς
650 1959 840 2010 Μινυήϊος
866 1963 921 2003 εἰς
945 1961 1024 2002 ἅλα
1047 1962 1217 2013 βάλλων

191 2023 354 2075 ἐγγύθεν
380 2023 558 2076 Ἀρήνης,
586 2026 646 2066 ὅθι
672 2028 859 2078 μείναμεν
887 2027 972 2068 Ἠῶ
999 2032 1085 2069 δῖαν

190 2091 330 2139 ἱππῆες
356 2091 529 2136 Πυλίων,
561 2094 608 2132 τὰ
634 2092 665 2132 δ’
693 2093 877 2146 ἐπέρρεον
903 2094 1018 2135 ἔθνεα
1044 2096 1181 2145 πεζῶν.

191 2156 302 2196 ἔνθεν
327 2159 521 2213 πανσυδίῃ
553 2158 626 2199 σὺν
652 2160 814 2213 τεύχεσι
842 2161 1109 2214 θωρηχθέντες

190 2222 310 2262 ἔνδιοι
335 2224 511 2274 ἱκόμεσθ’
538 2224 640 2277 ἱερὸν
666 2226 758 2276 ῥόον
784 2226 1003 2279 Ἀλφειοῖο.

235 2323 297 2352 705
322 2313 872 2357 om.Zen„assmlsscAr.(:142)
964 2321 1317 2359 712‘AAQnoquaL

191 2356 321 2396 πυμάτη
339 2357 448 2389 Strab.
468 2367 533 2398 349
667 2369 728 2399 724
756 2360 902 2400 ἐπέρρεεν
918 2365 989 2393 hm
1078 2364 1185 2394 πολλὰ
1201 2374 1222 2402 q

1443 513 1511 544 700

1448 845 1511 876 705

1449 1177 1513 1209 710

1451 1509 1514 1540 715

1452 1841 1516 1873 720

1452 2174 1514 2205 725

1405 2320 1518 2362 νεάτη]

1619 2661 1646 2802 5-‘1-2-
