1624 2802
586 113 645 148 10.
720 109 978 146 ΙΛΙΑΔΟΣ
1026 108 1061 148 K

161 209 368 264 ἁψάμενος
391 210 620 255 λίσσεσθαι,
649 211 669 249 ὁ
695 210 727 250 δ’
755 211 903 263 αὐχένα
927 211 1082 262 μέσσον
1107 211 1260 253 ἔλασσε
1418 226 1480 257 455

161 276 358 331 φασγάνῳ
384 274 507 326 ἀΐξας,
534 276 610 316 ἀπὸ
635 276 667 316 δ’
694 276 813 329 ἄμφω
839 276 955 329 κέρσε
979 278 1149 318 τένοντε·

161 342 434 395 φθεγγομένου
459 342 491 383 δ’
517 342 590 395 ἄρα
614 347 682 382 τοῦ
706 359 752 395 γε
779 342 872 395 κάρη
900 345 1078 400 κονίῃσιν
1105 345 1259 396 ἐμίχθη.

161 413 228 450 τοῦ
251 408 284 450 δ’
310 408 388 450 ἀπὸ
410 411 482 460 μὲν
509 407 661 459 κτιδέην
687 409 823 460 κυνέην
851 412 1078 461 κεφαλῆφιν
1104 411 1242 450 ἕλοντο

163 476 224 516 καὶ
248 474 392 527 λυκέην
417 476 480 515 καὶ
503 474 600 526 τόξα
623 476 843 516 παλίντονα
868 477 930 516 καὶ
956 477 1048 528 δόρυ
1071 477 1232 528 μακρόν·

161 543 224 583 καὶ
248 541 296 582 τά
318 541 356 594 γ’
381 541 570 598 Ἀθηναίῃ
594 542 741 593 ληΐτιδι
767 545 847 584 δῖος
872 542 1094 584 Ὀδυσσεὺς
1415 547 1480 588 460

159 608 282 661 {aptio-³
308 607 504 661 ἀνέσχεθε
528 608 632 661 χειρὶ
658 608 720 648 καὶ
745 608 956 662 εὐχόμενος
980 608 1073 651 ἔπος
1096 609 1205 659 ηὔδα·

162 677 187 692 “
202 678 328 728 χαῖρε,
357 673 438 720 θεά,
464 677 687 715 τοῖσδεσσι·
726 676 774 715 σὲ
798 677 873 727 γὰρ
898 675 1054 726 πρώτην
1080 677 1121 715 ἐν
1146 675 1335 730 Ὀλύμπῳ

159 740 316 782 πάντων
341 739 545 781 ἀθανάτων
571 741 843 792 ἐπιδωσόμεθ’·
880 742 987 781 ἀλλὰ
1012 742 1073 781 καὶ
1097 742 1204 783 αὖτις

159 806 319 859 πέμψον
344 807 407 847 ε’πὶ
433 809 602 863 Θρῃκῶν
629 808 779 859 ἀνδρῶν
805 808 945 849 ἵππους
969 825 1012 848 τε
1037 809 1099 848 καὶ
1125 807 1274 849 εὖνάς.”

219 872 298 915 ΔΩς
323 872 382 924 ἄρ’
411 874 630 925 ἐφώνησεν,
661 874 723 913 καὶ
749 873 825 914 ἀπὸ
851 874 938 914 ἕθεν
962 874 1084 926 ὑψόσ’
1110 875 1240 926 ἀείρας
1418 878 1480 918 465

158 941 275 990 θῆκεν
300 940 374 980 ἀνὰ
397 941 575 991 μυρίκην·
615 938 752 980 δέελον
775 939 808 979 δ’
834 941 896 979 ἐπὶ
922 940 1030 990 σῆμά
1053 939 1086 979 τ’
1112 941 1237 990 ἔθηκε,

160 1005 400 1058 συμμάρψας
426 1006 591 1047 δόνακας
616 1007 777 1058 μυρίκης
800 1005 834 1044 τ’
862 1006 1066 1057 ἐριθηλέας
1091 1007 1213 1055 ὄζους,

157 1072 208 1123 μὴ
235 1071 351 1112 λάθοι
377 1071 484 1114 αὖτις
510 1072 614 1112 ἰόντε
641 1071 735 1122 θοὴν
760 1073 822 1112 διὰ
848 1072 965 1112 νύκτα
989 1071 1192 1122 μέλαιναν.

157 1139 210 1178 τὼ
235 1141 275 1178 δὲ
301 1138 431 1189 βάτην
456 1137 629 1190 προτέρω
656 1137 719 1178 διά
743 1137 777 1178 τ’
803 1137 915 1178 ἔντεα
940 1139 1002 1178 καὶ
1026 1137 1151 1189 μέλαν
1177 1138 1282 1188 αἷμα,

157 1205 260 1257 αἶψα
284 1204 317 1244 δ’
343 1204 405 1245 ἐπὶ
433 1206 602 1260 Θρῃκῶν
632 1205 783 1256 ἀνδρῶν
807 1203 923 1245 τέλος
947 1203 1032 1254 ἷξον
1058 1205 1195 1246 ἰόντες,
1344 1235 1346 1237 >
1415 1215 1480 1248 470

157 1273 193 1311 οῖ
217 1271 250 1311 δ’
276 1271 387 1312 εὗδον
414 1270 570 1324 καμάτῳ
597 1271 796 1321 ἀδηκότες,
823 1270 936 1310 ἔντεα
960 1269 1001 1310 δέ
1026 1275 1127 1322 σφιν

158 1339 259 1378 καλὰ
282 1337 373 1390 παρ’
398 1338 554 1378 αὐτοῖσι
583 1338 698 1391 χθονὶ
726 1336 879 1377 κέκλιτο
905 1337 946 1376 εὖ
972 1338 1067 1376 κατὰ
1093 1337 1242 1387 κόσμον

156 1405 366 1457 τριστοιχί·
404 1405 509 1455 παρὰ
534 1402 576 1444 δέ
603 1409 703 1455 σφιν
731 1402 883 1456 ἑκάστῳ
909 1404 1059 1455 δίζυγες
1084 1404 1208 1444 ἵπποι.

156 1470 298 1520 Ῥῆσος
323 1469 356 1510 δ’
383 1471 425 1511 ἐν
448 1469 559 1524 μέσῳ
588 1470 685 1516 εὗδε,
715 1469 805 1520 παρ’
830 1470 930 1523 αὐτῷ
958 1469 989 1509 δ’
1015 1468 1131 1511 ὠκέες
1156 1470 1267 1510 ἵπποι

157 1536 202 1587 ἐξ
224 1536 494 1589 ἐπιδιφριάδος
520 1535 697 1587 πυμάτης
726 1537 837 1587 ἱμᾶσι
862 1535 1030 1575 δέδεντο.
1415 1546 1478 1578 475

155 1603 223 1644 τὸν
248 1603 281 1644 δ’
308 1603 498 1644 Ὀδυσεὺς
523 1601 784 1654 προπάροιθεν
811 1603 903 1642 ἰδὼν
930 1600 1118 1652 Διομήδεϊ
1140 1600 1279 1651 δεῖξεν·

158 1673 183 1688 “
199 1670 311 1712 οὗτός
335 1686 408 1715 τοι,
439 1668 645 1719 Διόμηδες,
678 1667 786 1719 ἀνήρ,
815 1668 920 1708 οὗτοι
945 1668 986 1708 δέ
1009 1685 1070 1707 τοι
1095 1669 1218 1713 ἵπποι,

157 1737 222 1778 οὓς
246 1740 339 1777 νῶϊν
364 1737 567 1788 πίφαυσκε
594 1735 751 1780 Δόλων,
780 1734 824 1774 ὃν
851 1733 1071 1786 ἐπέφνομεν
1095 1735 1217 1784 ἡμεῖς.

156 1803 247 1843 ἀλλ’
272 1802 343 1855 ἄγε
367 1802 413 1852 δὴ
438 1802 615 1854 πρόφερε
640 1801 825 1853 κρατερὸν
852 1800 981 1851 μένος·
1020 1800 1108 1840 οὐδέ
1132 1801 1171 1839 τί
1194 1817 1240 1840 σε
1266 1800 1341 1853 χρὴ

157 1869 369 1920 ἑστάμεναι
393 1868 537 1920 μέλεον
563 1868 636 1908 σὺν
661 1868 859 1920 τεύχεσιν,
890 1867 994 1906 ἀλλὰ
1019 1866 1085 1906 λύ’
1111 1868 1264 1908 ἵππους·
1414 1870 1479 1909 480

156 1935 200 1986 ἠὲ
225 1936 276 1976 σύ
300 1936 336 1988 γ’
362 1935 504 1987 ἄνδρας
530 1936 671 1986 ἔναιρε,
699 1933 944 1984 μελήσουσιν
972 1933 1003 1973 δ’
1031 1933 1116 1983 ἐμοὶ
1141 1932 1292 1973 ἵπποι.”

216 2000 296 2044 ἃΩς
320 2002 436 2054 φάτο,
462 2005 514 2055 τῷ
539 2001 571 2041 δ’
597 2001 790 2051 ἔμπνευσε
814 2000 931 2051 μένος
957 2003 1180 2051 γλαυκῶπις
1205 1998 1363 2049 Ἀθήνη,

156 2072 281 2109 κτεῖνε
306 2068 338 2108 δ’
365 2067 673 2120 ἐπιστροφάδην·
712 2071 787 2106 τῶν
814 2069 853 2134 δὲ
882 2067 1023 2107 στόνος
1050 2064 1184 2117 ὤρνυτ’
1211 2065 1340 2114 ἀεικὴς

198 2168 260 2196 457
293 2156 499 2198 φθεγγομένη
524 2157 624 2188 Arist.
655 2162 740 2196 part.
766 2168 818 2187 an.
851 2158 895 2187 iii.
927 2167 975 2190 10,
1003 2156 1094 2187 cL¹¹
1120 2167 1149 2187 v.
1172 2157 1193 2188 l.
1219 2167 1270 2195 ap.
1300 2157 1392 2188 Eust.

156 2201 219 2240 463
251 2200 458 2239 ἐπιδωσόμεθ’
481 2200 540 2231 ΑΓ.
568 2200 662 2237 egA
687 2211 805 2239 marg,
832 2199 968 2230 BCV32
993 2200 1033 2229 al
1094 2200 1307 2239 ἐπιβωσόμεθ’
1332 2200 1482 2238 plerique

242 2244 305 2282 464
327 2243 492 2284 ἵππους]
475 2256 586 2285 αγυριν
603 2254 632 2274 v.
648 2244 669 2274 l.
689 2244 719 2273 in
738 2244 768 2272 A
914 2244 976 2281 465
1002 2243 1093 2282 ὑψόσ
1111 2247 1145 2272 et
1163 2245 1240 2283 ὑψοῦ
1257 2242 1314 2274 Ar.
1336 2244 1459 2282 (διχῶς)
1476 2254 1483 2272 :

157 2286 235 2317 illud
253 2287 349 2318 codd.
479 2288 541 2324 466
564 2287 697 2327 μυρίκην
715 2286 771 2318 Ar.
793 2287 866 2327 (σὺν
874 2290 928 2339 τῷ
947 2291 962 2317 ῦ
984 2286 1073 2317 Did.
1064 2309 1086 2325 7
1106 2286 1200 2316 codd.
1293 2285 1403 2317 δέελον
1420 2286 1477 2315 ΑΓ.

156 2330 243 2368 vulg.
262 2342 269 2361 :
293 2330 400 2362 διελὸν
419 2327 486 2360 U3:
510 2332 611 2367 δῆλον
629 2329 689 2360 ca¹
781 2325 896 2370 σήματ’
915 2329 946 2359 Λ
1045 2339 1106 2368 477
1133 2327 1224 2361 οὑτός
1241 2342 1289 2360 τοι
1307 2329 1364 2359 ΛΓ.
1383 2330 1478 2359 codd.

158 2373 212 2413 (cs.
232 2373 309 2414 341)
442 2373 507 2411 478
531 2373 582 2405 ους
600 2372 657 2403 Ar.
678 2373 775 2405 codd.
