1670 2828
640 150 675 184 2.
750 144 1014 182 ΙΛΙΑΔΟΣ
1084 146 1116 183 Β

215 256 266 306 τῷ
292 251 314 291 ὅ
338 250 375 304 γ’
401 251 651 304 ἐρεισάμενος
676 251 757 292 ἔπε’
785 251 1005 303 Ἀργείοισι
1029 253 1211 303 μετηύδα·

217 320 241 336 “
262 317 291 358 ὦ
318 320 430 370 φίλοι
456 319 578 370 ἥρωες
606 319 769 364 Δαναοί,
799 317 1034 370 θεράποντες
1053 317 1212 371 ”Αρηος,
1480 332 1542 354 110

217 385 315 426 Ζεύς
338 402 386 435 με
410 384 512 436 μέγα
538 386 728 436 Κρονίδης
754 384 825 440 ἄτῃ
853 384 1016 435 ἐνέδησε
1041 387 1196 441 βαρείῃ,

217 450 414 503 σχέτλιος,
443 450 484 493 ὃς
510 451 601 502 πρὶν
625 450 696 501 μέν
720 468 785 501 μοι
811 450 1013 504 ὑπέσχετο
1040 453 1102 492 καὶ
1129 451 1361 493 κατένευσεν

210 516 337 557 Ἴλιον
364 516 598 569 ἐκπέρσαντ’
627 517 826 570 εὐτείχεον
851 517 1104 564 ἀπονέεσθαι,

216 587 283 624 νῦν
309 586 350 624 δὲ
376 583 496 633 κακὴν
521 583 675 634 ἀπάτην
700 584 966 634 βουλεύσατο,
996 586 1062 624 καί
1082 602 1130 635 με
1157 585 1308 625 κελεύει

217 649 389 690 δυσκλέα
408 650 555 702 ’Ἄργος
582 650 747 696 ἱκέσθαι,
775 652 860 690 ἐπεὶ
887 651 1013 691 πολὺν
1039 652 1174 692 ὤλεσα
1197 652 1310 692 λαόν.
1485 663 1542 694 115

217 718 316 756 οὕτω
342 733 416 756 που
444 717 511 756 Διὶ
536 716 677 767 μέλλει
701 717 909 769 ὑπερμενέϊ
935 719 1057 769 φίλον
1083 718 1193 763 εἶναι,

217 783 258 824 ὃς
284 783 328 833 δὴ
355 782 543 823 πολλάων
569 784 720 824 πολίων
746 783 939 824 κατέλυσε
966 783 1113 837 κάρηνα

217 849 275 899 ἠδ’
304 850 361 890 ἔτι
387 850 448 890 καὶ
472 850 601 890 λύσει·
639 853 707 890 τοῦ
730 852 807 902 γὰρ
833 850 971 903 κράτος
997 852 1082 891 ἐστὶ
1106 851 1308 903 μέγιστον.

218 915 389 969 αἰσχρὸν
414 917 488 968 γὰρ
514 917 602 956 τόδε
627 916 663 968 γ’
693 918 778 957 ἐστὶ
805 917 866 957 καὶ
894 917 1153 968 ἐσσομένοισι
1177 918 1384 963 πυθέσθαι,

217 985 308 1034 μὰψ
333 983 430 1022 οὕτω
456 983 606 1023 τοιόνδε
632 984 798 1024 τοσόνδε
823 1001 866 1024 τε
890 984 989 1025 λαὸν
1014 984 1190 1037 Ἀχαιῶν
1485 997 1545 1019 120

218 1049 413 1101 ἄπρηκτον
438 1050 613 1100 πόλεμον
638 1051 863 1100 πολεμίζειν
889 1050 955 1100 ἠδὲ
980 1050 1179 1104 μάχεσθαι

218 1115 383 1168 ἀνδράσι
408 1115 696 1167 παυροτέροισι,
723 1116 837 1158 τέλος
862 1117 893 1157 δ’
919 1118 963 1157 οὗ
988 1118 1047 1158 πώ
1072 1135 1109 1158 τι
1134 1117 1344 1169 πέφανται·

220 1183 255 1222 εἴ
277 1199 349 1234 περ
375 1182 450 1234 γάρ
476 1182 508 1221 κ’
536 1182 740 1233 ἐθέλοιμεν
767 1183 928 1236 Ἀχαιοί
951 1201 993 1224 τε
1018 1184 1150 1236 Τρῶές
1175 1201 1229 1229 τε,

219 1250 330 1300 ὅρκια
354 1251 478 1289 πιστὰ
501 1250 702 1299 ταμόντες,
730 1249 1040 1302 ἀριθμηθήμεναι
1065 1250 1195 1302 ἄμφω,

219 1318 358 1367 Τρῶας
382 1317 454 1365 μὲν
478 1314 674 1366 λέξασθαι
699 1316 880 1368 ἐφέστιοι
906 1318 1026 1357 ὅσσοι
1051 1317 1178 1363 ἔασιν,
1488 1330 1548 1360 125

220 1382 329 1432 ἡμεῖς
355 1381 386 1422 δ’
412 1383 451 1424 ἐς
477 1381 639 1424 δεκάδας
663 1385 994 1434 διακοσμηθεῖμεν
1019 1384 1189 1437 Ἀχαιοί,

220 1449 367 1499 Τρώων
392 1448 425 1488 δ’
452 1448 573 1501 ἄνδρα
598 1449 759 1489 ἕκαστοι
783 1451 970 1501 ἑλοίμεθα
995 1451 1245 1504 οἰνοχοεύειν,

222 1516 373 1555 πολλαί
396 1532 460 1556 κεν
485 1515 644 1558 δεκάδες
668 1517 843 1556 δευοίατο
870 1518 1079 1570 οἰνοχόοιο.

222 1583 372 1622 τόσσον
398 1582 474 1634 ἐγώ
501 1587 602 1633 φημι
627 1582 750 1624 πλέας
776 1583 938 1634 ἔμμεναι
961 1585 1045 1626 υἷας
1069 1583 1243 1636 Ἀχαιῶν

222 1649 381 1701 Τρώων,
410 1650 445 1689 οἳ
471 1650 625 1689 ναίουσι
651 1651 747 1689 κατὰ
772 1651 927 1690 πτόλιν·
964 1650 1055 1690 ἀλλ’
1084 1651 1279 1703 ἐπίκουροι
1489 1664 1549 1694 130

223 1715 406 1756 πολλέων
432 1717 473 1755 ἐκ
498 1717 648 1756 πολίων
675 1715 922 1768 ἐγχέσπαλοι
948 1716 1083 1769 ἄνδρες
1109 1718 1236 1763 ἔασιν,

224 1783 264 1822 οἵ
283 1799 332 1832 με
356 1781 461 1834 μέγα
486 1782 678 1832 πλάζουσι
706 1783 767 1823 καὶ
793 1783 859 1823 οὐκ
887 1783 994 1824 εἶῶσ’
1023 1783 1211 1825 ἐθέλοντα

224 1848 345 1889 Ἰλίου
371 1848 558 1900 ἐκπέρσαι
584 1849 624 1889 εὖ
650 1851 856 1900 ναιόμενον
880 1852 1127 1903 πτολίεθρον.

225 1914 339 1955 ἐννέα
364 1915 409 1965 δὴ
435 1915 616 1966 βεβάασι
644 1916 739 1958 Διὸς
763 1917 939 1969 μεγάλου
966 1918 1146 1963 ἐνιαυτοί,

227 1982 288 2022 καὶ
314 1981 359 2032 δὴ
385 1985 503 2034 δοῦρα
527 1982 682 2032 σέσηπε
707 1987 806 2024 νεῶν
833 1985 894 2025 καὶ
923 1984 1082 2037 σπάρτα
1105 1984 1304 2025 λέλυνται·
1489 1997 1548 2028 135

226 2050 264 2089 αἱ
291 2048 332 2089 δέ
357 2065 432 2089 που
454 2048 641 2100 ἡμέτεραί
663 2049 695 2088 τ’
722 2050 864 2103 ἄλοχοι
892 2052 952 2091 καὶ
978 2050 1097 2100 νήπια
1121 2051 1237 2091 τέκνα

275 2138 422 2167 111—118
446 2138 513 2169 ath.
532 2138 612 2169 Zen.
781 2149 838 2169 111
867 2138 950 2180 μέγα
967 2138 1046 2169 Zen.
1068 2139 1225 2178 (auctore
1243 2139 1422 2181 Didymo),
1440 2141 1530 2181 vulg.
1547 2153 1553 2172 :

226 2178 327 2220 μέγας
341 2180 398 2212 Ar.
417 2181 639 2221 Callistratus,
655 2183 708 2214 cit.
728 2182 827 2213 Dion.
845 2181 922 2213 Hal.
938 2182 1023 2213 rhet.
1038 2182 1105 2213 viii.
1123 2192 1170 2221 15,
1186 2182 1260 2213 bal.
1342 2193 1402 2223 119
1418 2186 1553 2226 αἰσχρὸν

226 2225 288 2264 γὰρ
304 2223 379 2255 τόδε
396 2224 444 2265 γ’]
468 2227 560 2263 λώβη
577 2228 638 2267 γὰρ
651 2227 727 2258 τάδε
743 2226 867 2266 ’γ’Ζοη.
965 2235 1023 2264 125
1048 2229 1150 2267 Τρῶες
1166 2237 1195 2256 ν.
1213 2225 1233 2256 l.
1256 2237 1309 2265 ap.
1330 2225 1422 2258 Eust.
1443 2227 1513 2266 (Ar.
1526 2230 1549 2263 ἲ)

298 2277 355 2306 127
383 2267 513 2300 ἕκαστοι
526 2269 586 2299 Ar.
605 2269 652 2299 ΜΠ
665 2269 708 2299 V⁰
724 2281 730 2300 :
756 2270 895 2301 ἕκαστον
914 2270 1009 2301 Dem.
1030 2269 1138 2308 Ixion,
1155 2270 1242 2309 vulg.
1318 2279 1466 2309 130-133
1478 2272 1546 2302 ath.

225 2309 283 2341 Ar.
426 2321 482 2350 131
510 2312 616 2353 ἔασιν]
637 2313 753 2344 ἔνεισιν
772 2313 997 2352 Callistratus,
1017 2313 1077 2345 Ar.
1098 2314 1150 2344 ed.
1171 2313 1275 2344 altera
1411 2323 1470 2353 132
1495 2314 1551 2354 ]με

224 2352 301 2394 Μή
318 2352 379 2400 123⁷
546 2365 605 2394 133
631 2356 727 2388 ’Ῑλῖθυ
745 2357 832 2395 VUIg-
853 2369 859 2387 ¹
878 2356 980 2389 Ἴλιον
995 2357 1054 2388 ΑΓ·
1078 2358 1127 2393 (ἐν
1142 2360 1208 2389 τοῖς
1225 2356 1297 2389 κατ’
1315 2358 1549 2399 Ἀριστοφάνην

226 2399 445 2437 ὑπομνήμασιν
462 2399 674 2441 Ἀριστάρχου
693 2400 785 2441 Did.)
807 2399 884 2430 Bm³
900 2398 1005 2430 L⁵L¹1
1023 2399 1231 2431 L1‘1x711v182
1258 2397 1362 2440 1A10]1²1'
1375 2400 1436 2449 pm
