1660 2802
631 134 667 167 4.
740 127 997 165 ΙΛΙΑΔΟΣ
1046 128 1081 165 Δ

193 232 331 283 Ἄρεος
356 232 619 284 ἀνδροφόνοιο
644 231 862 284 κασιγνήτη
888 230 1003 283 ἑτάρη
1030 248 1084 277 τε,

194 298 219 348 ἥ
242 298 275 337 τ’
300 299 415 350 ὀλίγη
441 300 512 348 μὲν
538 303 671 350 πρῶτα
696 298 945 350 κορύσσεται,
972 298 1092 350 αὐτὰρ
1118 297 1252 340 ἔπειτα

195 364 343 418 οὐρανῷ
370 364 551 416 ἐστήριξε
578 364 672 416 κάρη
701 365 762 404 καὶ
788 364 852 405 ἐπὶ
875 364 991 418 χθονὶ
1015 365 1160 415 βαίνει·

194 430 218 480 ἥ
243 435 342 482 σφιν
368 431 428 470 καὶ
453 432 543 471 τότε
568 434 695 472 νεῖκος
721 431 871 481 ὁμοίϊον
896 431 1050 481 ἔμβαλε
1073 430 1212 486 μέσσῳ

194 496 388 549 ἐρχομένη
416 497 500 538 καθ’
525 498 677 548 ὅμιλον,
706 497 942 549 ὀφέλλουσα
969 498 1113 538 στόνον
1138 499 1302 550 ἀνδρῶν.
1454 515 1516 546 445

260 565 312 604 Οἱ
338 563 369 603 δ’
395 565 460 604 ὅτε
485 563 530 614 δή
556 563 595 615 ῥ’
622 565 662 606 ἐς
687 567 817 617 χῶρον
842 564 911 604 ἕνα
935 563 1133 614 ξυνιόντες
1157 565 1313 621 ἵκοντο,Ι

193 630 267 670 σύν
290 629 329 682 ῥ’
355 630 506 681 ἔβαλον
529 630 672 683 ῥινούς,
701 631 775 671 σὺν
801 629 832 670 δ’
858 631 980 683 ἔγχεα
1005 630 1066 670 καὶ
1089 630 1192 682 μένε’
1219 633 1368 685 ἀνδρῶν

191 696 541 749 χαλκεοθωρήκων·
580 698 676 749 ἀτὰρ
703 698 871 739 ἀσπίδες
894 698 1180 749 ὀμφαλόεσσαι

191 763 353 813 ἔπληντ’
378 764 596 820 ἀλλήλῃσι,
623 764 748 806 πολὺς
773 763 805 803 δ’
831 763 1048 816 ὀρυμαγδὸς
1072 765 1221 816 ὀρώρει.

191 829 285 869 ἔνθα
310 829 342 870 δ’
367 829 432 881 ἅμ’
457 830 606 883 οἰμωγή
632 848 676 871 τε
701 831 764 872 καὶ
787 830 943 885 εὐχωλὴ
969 830 1090 871 πέλεν
1115 832 1266 884 ἀνδρῶν
1452 846 1517 877 450

189 896 392 938 ὀλλύντων
416 914 461 938 τε
485 898 546 938 καὶ
572 896 813 949 ὀλλυμένων,
840 897 905 949 ῥέε
930 896 964 937 δ’
988 898 1121 948 αἵματι
1144 901 1250 950 γαῖα.

191 963 240 1004 ὡς
265 963 297 1003 δ’
322 964 388 1005 ὅτε
411 966 618 1017 χείμαρροι
642 965 811 1015 ποταμοὶ
836 964 917 1004 κατ’
945 966 1092 1017 ὄρεσφι
1113 964 1272 1017 ῥέοντες

191 1031 230 1071 ἐς
254 1029 516 1082 μισγάγκειαν
544 1031 828 1082 συμβάλλετον
854 1032 1023 1083 ὄβριμον
1045 1032 1148 1083 ὕδωρ

191 1100 361 1148 κρουνῶν
387 1098 429 1137 ἐκ
450 1098 639 1150 »μεγάλων
665 1099 800 1148 κοίλης
823 1097 990 1139 ἔντοσθε
1013 1096 1225 1150 χαράδρης,

188 1167 264 1203 τῶν
290 1162 332 1204 δέ
355 1180 397 1204 τε
422 1165 572 1214 τηλόσε
598 1167 742 1204 δοῦπον
766 1166 808 1204 ἐν
834 1164 990 1216 οὔρεσιν
1017 1165 1129 1204 ἔκλυε
1153 1163 1312 1215 ποιμήν·
1450 1178 1513 1209 455

188 1229 238 1270 ὣς
262 1233 340 1270 τῶν
364 1230 616 1283 μισγομένων
639 1230 776 1282 γένετο
803 1229 897 1284 ἰαχή
921 1247 964 1271 τε
988 1231 1107 1272 πόνος
1131 1247 1185 1271 τε.

255 1299 418 1348 Πρῶτος
444 1296 476 1337 δ’
503 1297 738 1350 Ἀντίλοχος
762 1297 910 1349 Τρώων
935 1297 1025 1338 ἕλεν
1049 1296 1170 1348 ἄνδρα
1196 1297 1391 1349 κορυστὴν

188 1362 335 1403 ἐσθλὸν
361 1364 419 1404 ε’νὶ
450 1363 705 1416 προμάχοισι,
734 1362 996 1413 Θαλυσιάδην
1021 1362 1270 1415 Ἐχέπωλον·

186 1429 254 1469 τόν
277 1428 317 1481 ῥ’
344 1429 468 1480 ἔβαλε
494 1434 645 1482 πρῶτος
672 1430 832 1481 κόρυθος
858 1429 990 1482 φάλον
1017 1431 1287 1480 ἱπποδασείης,

186 1496 228 1536 ἐν
254 1497 296 1536 δὲ
319 1496 485 1550 μετώπῳ
510 1496 620 1547 πῆξε,
650 1496 799 1548 πέρησε
823 1496 855 1537 δ’
883 1496 941 1547 ἄρ’
969 1495 1112 1536 ὀστέον
1137 1497 1233 1537 εἵσω
1446 1501 1511 1541 460

186 1561 307 1615 αἰχμὴ
333 1564 513 1615 χαλκείη·
551 1563 619 1603 τὸν
645 1565 687 1604 δὲ
713 1564 854 1605 σκότος
879 1565 982 1604 ὄσσε
1007 1562 1200 1615 κάλυψεν,

183 1627 297 1679 ἤριπε
323 1628 367 1675 δ’,
394 1629 444 1671 ὡς
470 1630 534 1671 ὅτε
558 1630 718 1682 πύργος,
746 1630 804 1670 ἐνὶ
828 1635 995 1686 κρατερῇ
1017 1630 1177 1685 ὑσμίνῃ.

184 1694 252 1735 τὸν
277 1697 319 1736 δὲ
344 1696 519 1736 πεσόντα
543 1699 672 1737 ποδῶν
697 1697 824 1747 ἔλαβε
849 1697 989 1748 κρείων
1013 1694 1250 1747 Ἐλεφήνωρ

183 1762 550 1813 Χαλκωδοντιάδης,
576 1763 813 1815 μεγαθύμων
837 1762 960 1816 ἀρχὸς
984 1761 1206 1813 Ἀβάντων,

184 1828 275 1869 ἕλκε
301 1828 332 1868 δ’
357 1830 452 1870 ὑπὲκ
478 1829 646 1880 βελέων,
674 1828 908 1880 λελιημένος
933 1831 1039 1881 ὄφρα
1063 1829 1237 1882 τάχιστα
1444 1832 1507 1873 465

182 1895 326 1948 τεύχεα
351 1895 555 1946 συλήσειε·
592 1898 758 1946 μίνυνθα
781 1895 824 1937 δέ
848 1899 884 1937 οἱ
910 1895 1037 1948 γένεθ’
1063 1895 1174 1948 ὁρμή.

183 1961 320 2013 νεκρὸν
344 1963 419 2014 γὰρ
445 1963 607 2014 ἐρύοντα
633 1963 723 2003 ἰδὼν
748 1962 972 2015 μεγάθυμος
997 1961 1177 2014 Ἀγήνωρ

182 2027 343 2080 πλευρά,
371 2028 419 2069 τά
443 2030 479 2069 οὶ
505 2029 674 2082 κύψαντι
698 2029 788 2082 παρ’
814 2031 980 2071 ἀσπίδος
1006 2027 1244 2082 ἐξεφαάνθη,

182 2095 327 2145 οὔτησε
352 2093 481 2150 ξυστῷ
502 2095 705 2149 χαλκήρεϊ,
732 2100 832 2137 λῦσε
857 2099 898 2137 δὲ
923 2099 1024 2148 γυῖα.

182 2161 233 2204 ὣς
257 2161 325 2203 τὸν
349 2163 421 2213 μὲν
445 2163 537 2203 λίπε
564 2164 695 2213 θυμός,
724 2163 783 2203 ἐπ’
810 2163 911 2217 αὐτῷ
937 2162 970 2203 δ’
996 2163 1110 2214 ἔργον
1136 2161 1282 2215 ἐτύχθη
1442 2171 1506 2204 470

224 2264 283 2292 441
310 2263 375 2284 om.
395 2253 424 2284 T
563 2255 626 2291 446
649 2255 758 2286 ἵκανον
774 2252 932 2285 (ΙΜΒΜ10
944 2252 1057 2285 Uevu
1201 2262 1264 2293 450
1288 2263 1353 2285 om.
1375 2252 1422 2285 Ο5

181 2305 245 2336 453
267 2296 483 2338 μισγάγκειαν
499 2306 518 2328 e
530 2296 595 2334 gA
608 2297 634 2327 B
653 2297 693 2328 al.
712 2308 719 2327 :
741 2296 962 2338 μισγάγγειαν
977 2296 1069 2337 vulg.
1223 2306 1285 2336 455
1310 2297 1423 2335 τηλόθι
1440 2308 1470 2329 ν.
1485 2297 1505 2329 l.

181 2344 248 2371 ant.
264 2341 274 2371 ’.ἱ
291 2343 346 2372 ch
361 2340 404 2372 al.
530 2341 594 2379 456
617 2340 712 2373 πόνος
729 2340 788 2372 Ar.
807 2345 852 2373 h:
878 2341 974 2382 φόνος
993 2340 1057 2371 M¹2
1069 2339 1116 2370 R4
1126 2339 1191 2372 V3:
1218 2340 1320 2380 φόβος
1337 2351 1368 2371 ν.
1384 2341 1405 2371 l.
1423 2346 1505 2380 ant„

180 2382 313 2458 *gffgA
333 2427 362 2458 a]
418 2385 478 2424 461
507 2383 631 2431 om.1)⁴
778 2385 842 2424 463
866 2384 982 2426 ἔλαβε]
1002 2383 1069 2417 εἷλε
1086 2393 1111 2422 g
1127 2384 1168 2415 al.
1316 2385 1379 2423 467
1403 2384 1465 2426 γάρ
1479 2383 1507 2426 ῥ’

247 2435 272 2465 g·
366 2450 373 2458 .
