1629 2828
578 138 611 172 3.
687 135 941 172 ῙᾹΙΑΔΟΣ
990 136 1018 171 Γ

138 238 178 279 ὅς
202 253 260 279 τις
283 236 338 276 ὅδ’
363 237 474 278 ἐστὶν
499 236 662 290 Ἀχαιὸς
686 237 782 289 ἀνὴρ
806 236 873 287 ἠΰς
898 254 939 278 τε
963 237 1086 290 μέγας
1109 255 1162 278 τε.

137 303 222 354 ἤτοι
244 305 316 355 μὲν
341 303 495 359 κεφαλῇ
519 305 582 344 καὶ
605 304 779 355 μείζονες
803 303 920 344 ἄλλοι
945 303 1047 350 ἔασι,

138 369 257 410 καλὸν
281 369 314 410 δ’
339 371 437 411 οὕτω
463 371 564 422 ἐγὼν
589 371 633 410 οὔ
658 387 718 410 πω
741 372 824 410 ’ίδον
849 371 1131 422 ὀφθαλμοῖσιν,

137 436 214 476 οὐδ’
239 437 337 477 οὕτω
362 437 542 489 γεραρόν·
579 439 752 488 βασιλῆϊ
775 438 850 489 γὰρ
875 437 985 488 ἀνδρὶ
1010 436 1150 477 ἕοικε.”

199 503 279 543 Τὸν
304 502 337 543 δ’
361 502 504 554 Ἑλένη
529 503 713 554 μύθοισιν
738 503 939 554 ἀμείβετο,
967 506 1030 543 δῖα
1054 507 1259 555 γυναικῶν·

139 571 163 587 “
179 570 322 611 αἰδοῖός
346 569 389 610 τέ
411 571 482 620 μοί
502 571 608 615 ἐσσι,
634 570 730 621 φίλε
755 568 878 621 ἑκυρέ,
905 570 1030 611 δεινός
1055 587 1108 610 τε·

137 635 188 677 ὡς
211 637 359 687 ὄφελεν
383 635 551 677 θάνατός
574 653 640 687 μοι
663 638 770 677 ἁδεῖν
796 635 911 678 κακὸς
936 636 1083 676 ὁππότε
1109 638 1220 687 δεῦρο

135 701 209 742 υἱέϊ
233 705 290 756 σῷ
317 703 478 753 ἑπόμην,
506 701 684 753 θάλαμον
708 703 881 755 γνωτούς
904 719 945 742 τε
968 705 1142 742 λιποῦσα

135 767 252 808 παῖδά
276 785 318 809 τε
343 768 561 821 τηλυγέτην
587 769 649 809 καὶ
673 770 881 820 ὁμηλικίην
907 768 1118 820 ἐρατεινήν.

135 835 241 874 ἀλλὰ
265 834 312 875 τά
337 835 373 887 γ’
399 835 465 876 οὐκ
493 835 688 888 ἐγένοντο·
726 835 770 875 τὸ
796 836 858 875 καὶ
885 835 1075 875 κλαίουσα
1100 834 1253 885 τέτηκα.

135 904 246 941 τοῦτο
272 901 314 942 δέ
337 919 396 942 τοι
423 901 529 953 ἐρέω,
556 903 578 942 ὅ
602 902 640 953 μ’
666 903 837 953 ἀνείρεαι
861 901 929 951 ἠδὲ
952 906 1164 956 μεταλλᾷς·

135 967 246 1009 οὗτός
271 967 306 1020 γ’
332 967 533 1021 Ἀτρείδης
559 968 646 1020 εὐρὺ
673 969 808 1019 κρείων
833 967 1104 1020 Ἀγαμέμνων,

135 1034 359 1086 ἀμφότερον
385 1035 581 1085 βασιλεύς
604 1035 636 1074 τ’
662 1034 809 1087 ἀγαθὸς
835 1035 1018 1086 κρατερός
1042 1033 1075 1073 τ’
1100 1032 1306 1086 αἰχμητής·

133 1099 230 1152 δαὴρ
256 1100 337 1140 αὖτ’
364 1100 455 1151 ἐμὸς
479 1102 572 1141 ἔσκε
598 1102 825 1146 κυνώπιδος,
853 1102 889 1140 εἴ
911 1099 995 1140 ποτ’
1021 1100 1088 1149 ἔην
1113 1099 1198 1151 γε.”

195 1164 273 1208 ““Ως
298 1166 414 1218 φάτο,
442 1167 509 1207 τὸν
534 1167 566 1206 δ’
591 1168 611 1206 ὁ
636 1167 761 1219 γέρων
786 1165 995 1218 ἠγάσσατο
1022 1166 1208 1218 φώνησέν
1233 1183 1287 1206 τε·

136 1234 161 1250 “
177 1230 206 1272 ὦ
231 1232 359 1284 μάκαρ
383 1232 574 1285 Ἀτρεΐδη,
601 1230 844 1286 μοιρηγενές,
866 1233 1137 1283 ὀλβιόδαιμον,

134 1297 158 1348 ἦ
180 1298 230 1351 ῥά
254 1299 299 1339 νύ
322 1316 382 1339 τοι
406 1300 551 1340 πολλοὶ
576 1299 768 1350 δεδμήατο
794 1302 922 1351 κοῦροι
947 1298 1132 1352 Ἀχαιῶν.

133 1364 204 1415 ἤδη
232 1365 292 1405 καὶ
318 1367 494 1418 Φρυγίην
520 1365 730 1416 εἰσήλυθον
757 1366 1055 1416 ἀμπελόεσσαν,

134 1431 228 1471 ἔνθα
251 1433 335 1472 ἴδον
359 1433 573 1474 πλείστους
597 1433 757 1484 Φρύγας
782 1431 922 1485 ἀνέρας
948 1432 1231 1477 αἰολοπώλους,

133 1498 253 1540 λαοὺς
277 1497 443 1550 Ὀτρῆος
469 1500 529 1539 καὶ
556 1500 763 1550 Μυγδόνος
789 1496 994 1544 ἀντιθέοιο,

134 1565 174 1604 οἵ
193 1565 243 1616 ῥα
267 1564 346 1604 τότ’
374 1565 644 1616 ἐστρατόωντο
669 1564 757 1616 παρ’
784 1566 906 1617 ὄχθας
931 1564 1182 1616 Σαγγαρίοιο·

135 1630 196 1670 καὶ
221 1632 295 1683 γὰρ
320 1632 422 1683 ἐγὼν
448 1632 649 1683 ἐπίκουρος
675 1632 748 1671 ἐὼν
773 1632 872 1681 μετὰ
896 1634 1024 1670 τοῖσιν
1050 1629 1220 1683 ἐλέχθην

133 1696 248 1747 ἤματι
272 1701 325 1751 τῷ
351 1699 416 1738 ὅτε
440 1697 473 1737 τ’
498 1696 621 1748 ἦλθον
647 1697 859 1748 Ἀμαζόνες
883 1696 1133 1749 ἀντιάνειραι·

135 1764 225 1803 ἀλλ’
251 1764 330 1804 οὐδ’
357 1765 392 1805 οἳ
417 1765 529 1804 τόσοι
554 1763 657 1814 ἦσαν
683 1765 772 1803 ὅσοι
799 1764 988 1805 ἑλίκωπες
1013 1762 1208 1816 Ἀχαιοί.”

202 1831 397 1882 Δεύτερον
422 1830 504 1871 αὖτ’
530 1830 709 1880 Ὀδυσῆα
734 1831 824 1871 ἰδὼν
850 1829 986 1881 ἐρέειν’
1012 1830 1032 1868 ὁ
1056 1830 1224 1881 γεραιός·

136 1899 161 1914 “
178 1897 252 1938 εἴπ’
277 1897 349 1949 ἄγε
371 1914 437 1949 μοι
462 1898 524 1937 καὶ
547 1897 672 1943 τόνδε,
700 1897 821 1949 φίλον
847 1895 970 1941 τέκος,
997 1897 1039 1937 ὅς
1063 1912 1120 1937 τις
1145 1895 1202 1935 ὅδ’
1229 1896 1326 1935 ἐστί·

133 1965 252 2014 μείων
275 1966 347 2015 μὲν
372 1969 528 2020 κεφαλῇ
553 1963 848 2015 Ἀγαμέμνονος
873 1962 1087 2014 Ἀτρεΐδαο,

135 2029 334 2082 εὐρύτερος
359 2030 392 2071 δ’
419 2031 582 2081 ὤμοισιν
609 2031 665 2070 ἰδὲ
693 2029 916 2081 στέρνοισιν
942 2028 1107 2069 ἰδέσθαι.

134 2098 275 2149 τεύχεα
297 2097 369 2148 μέν
394 2099 429 2137 οἱ
456 2101 577 2137 κεῖται
602 2096 665 2136 ἐπὶ
690 2096 804 2149 χθονὶ
829 2095 1131 2150 πουλυβοτείρῃ,

135 2162 248 2205 αὐτὸς
272 2165 313 2203 δὲ
340 2164 471 2204 κτίλος
496 2164 547 2205 ὣς
572 2164 827 2203 ἐπιπωλεῖται
854 2163 995 2213 στίχας
1020 2162 1182 2211 ἀνδρῶν·

135 2229 271 2284 ἀρνειῷ
297 2246 362 2280 μιν
387 2230 512 2281 ἔγωγε
538 2229 656 2269 ε”ίσκω
683 2228 982 2281 πηγεσιμάλλῳ,

135 2296 176 2336 ὅς
199 2295 232 2335 τ’
257 2297 348 2336 οἰῶν
373 2296 475 2347 μέγα
499 2300 583 2336 πῶϋ
606 2295 801 2348 διέρχεται
827 2293 1091 2346 ἀργεννάων.”

178 2389 237 2419 188
262 2388 407 2429 ἐλέγμην
428 2387 535 2418 Strab.
557 2397 632 2426 552,
650 2388 711 2417 681
838 2387 899 2427 189
923 2391 1000 2417 ante
1023 2386 1083 2416 188
1098 2386 1153 2417 cit.
1175 2386 1283 2417 Strab.
1304 2395 1367 2424 552

1393 449 1453 480 170

1393 780 1452 812 175

1394 1105 1453 1135 180

1397 1436 1453 1473 185

1397 1776 1455 1806 190

1396 2106 1453 2137 Ι95

134 2441 192 2470 193
216 2433 361 2473 κεφαλὴν
380 2431 438 2462 Ar.
457 2435 472 2462 i
489 2430 534 2462 0³
548 2430 607 2469 U9,
621 2430 726 2461 1>0V¹1
744 2440 830 2461 corr.
925 2431 983 2469 198
1008 2430 1079 2462 ὀϊῶν
1095 2429 1126 2459 Α
1140 2428 1189 2459 M⁵
1204 2428 1264 2460 U¹0
1280 2440 1286 2459 ε
1304 2431 1375 2461 υἱῶν
1392 2428 1449 2459 Ar.

134 2474 216 2505 Ptol.
238 2474 324 2513 vulg.
