1660 2802
682 641 934 691 ΙΛΙΑΔΟΣ
996 648 1046 689 Μ

712 822 1011 888 Τειχομαχία

259 942 338 986 ΔΩς
364 943 383 983 ὁ
406 945 478 995 μὲν
504 945 545 985 ἐν
570 945 752 1001 κλισίῃσι
777 947 987 987 Μενοιτίου
1012 946 1175 998 ἄλκιμος
1198 948 1281 991 υἱὸς

199 1010 273 1051 ἰᾶτ’
300 1010 531 1063 Εὐρύπυλον
555 1011 825 1062 βεβλημένον·
865 1014 901 1054 οῖ
926 1012 958 1053 δ’
984 1013 1179 1067 ἐμάχοντο

197 1077 370 1129 Ἀργεῖοι
396 1077 457 1117 καὶ
481 1080 614 1129 Τρῶες
640 1079 842 1129 ὁμιλαδόν·
881 1078 960 1120 οὐδ’
986 1079 1044 1132 ἄρ’
1070 1081 1213 1131 ἔμελλε

197 1143 347 1196 τάφρος
372 1144 427 1184 ἔτι
453 1143 623 1197 σχήσειν
650 1149 819 1186 Δαναῶν
845 1147 907 1186 καὶ
931 1149 1062 1200 τεῖχος
1086 1148 1253 1200 ὕπερθεν

198 1211 299 1263 εὐρύ,
326 1210 370 1250 τὸ
394 1209 614 1260 ποιήσαντο
638 1215 737 1252 νεῶν
761 1213 870 1265 ὕπερ,
897 1213 999 1265 ἀμφὶ
1023 1215 1064 1253 δὲ
1089 1213 1241 1266 τάφρον

197 1277 369 1328 ἤλασαν,
396 1277 483 1318 οὐδὲ
509 1280 635 1318 θεοῖσι
659 1279 781 1318 δόσαν
808 1281 962 1321 κλειτὰς
987 1280 1225 1331 ἑκατόμβας,

197 1345 303 1396 ὄφρα
328 1350 428 1396 σφιν
453 1344 548 1394 νῆάς
572 1361 614 1385 τε
640 1346 732 1386 θοὰς
759 1345 820 1385 καὶ
844 1345 962 1396 ληΐδα
986 1346 1144 1396 πολλὴν

199 1410 307 1452 ἐντὸς
333 1411 426 1463 ἔχον
450 1411 596 1463 ῥύοιτο·
634 1414 733 1452 θεῶν
757 1411 790 1452 δ’
816 1411 950 1463 ἀέκητι
974 1411 1133 1453 τέτυκτο

197 1476 414 1518 ἀθανάτων·
451 1477 496 1517 τὸ
522 1478 583 1518 καὶ
608 1478 652 1518 οὕ
676 1495 712 1518 τι
737 1479 860 1519 πολὺν
885 1480 1030 1532 χρόνον
1055 1480 1222 1530 ἔμπεδον
1245 1478 1327 1531 ἦεν.

197 1545 304 1595 ὄφρα
326 1546 398 1594 μὲν
416 1542 572 1596 ’Έκτωρ
599 1544 692 1594 ζωὸς
717 1545 785 1594 ἔην
811 1546 873 1586 καὶ
896 1544 1002 1596 μήνι’
1028 1545 1242 1599 Ἀχιλλεὺς

199 1612 260 1651 καὶ
285 1610 480 1663 Πριάμοιο
505 1610 671 1653 ἄνακτος
696 1612 916 1664 ἀπόρθητος
940 1613 1056 1655 πόλις
1081 1613 1214 1659 ἔπλεν,

197 1677 324 1729 τόφρα
347 1679 389 1717 δὲ
414 1678 475 1717 καὶ
500 1677 601 1729 μέγα
624 1682 755 1732 τεῖχος
779 1677 953 1732 Ἀχαιῶν
978 1678 1147 1730 ἔμπεδον
1171 1678 1251 1730 ἦεν.

197 1743 316 1795 αὐτὰρ
342 1745 425 1784 ἐπεὶ
452 1746 546 1784 κατὰ
571 1746 643 1795 μὲν
666 1745 815 1796 Τρώων
841 1745 959 1786 θάνον
983 1746 1104 1786 ὅσσοι
1129 1746 1294 1798 ἄριστοι,

196 1810 341 1850 πολλοὶ
366 1810 398 1850 δ’
423 1810 613 1863 Ἀργείων
639 1813 673 1852 οἱ
698 1814 769 1862 μὲν
794 1812 926 1863 δάμεν,
954 1814 989 1853 οἱ
1015 1812 1046 1853 δ’
1075 1814 1270 1859 ἐλίποντο,

197 1876 360 1930 πέρθετο
385 1879 426 1918 δὲ
452 1877 646 1929 Πριάμοιο
671 1879 787 1920 πόλις
812 1878 958 1933 δεκάτῳ
986 1880 1162 1934 ἐνιαυτῷ,

198 1943 371 1996 Ἀργεῖοι
396 1943 429 1984 δ’
454 1945 496 1984 ἐν
521 1946 636 1995 νηυσὶ
663 1946 786 1997 φίλην
812 1947 852 1987 ἐς
877 1945 1029 1998 πατρίδ’
1056 1947 1224 1996 ἔβησαν,

198 2010 243 2060 δὴ
268 2011 357 2052 τότε
381 2012 596 2062 μητιόωντο
626 2011 859 2053 Ποσειδάων
885 2013 948 2052 καὶ
973 2012 1186 2053 Ἀπόλλων

197 2080 327 2130 τεῖχος
352 2078 582 2129 ἀμαλδῦναι,
611 2082 795 2130 ποταμῶν
819 2078 934 2130 μένος
959 2079 1252 2131 εἰσαγαγόντες.

197 2145 317 2184 ὅσσοι
342 2144 407 2184 ἀπ’
433 2144 584 2185 Ἰδαίων
610 2145 731 2197 ὀρέων
757 2145 878 2186 ἅλαδε
902 2145 1126 2199 προρέουσι,

197 2209 338 2260 Ῥῆσός
364 2211 397 2251 θ’
422 2210 669 2263 Ἑπτάπορός
697 2229 737 2252 τε
764 2211 950 2265 Κάρησός
975 2229 1016 2252 τε
1041 2211 1188 2254 Ῥοδίος
1212 2229 1253 2252 τε

1487 1562 1524 1584 10

1479 2224 1520 2246 20

241 2314 262 2342 9
292 2307 337 2337 τῶ
353 2304 438 2336 be
452 2303 501 2335 M⁵
515 2304 559 2335 R¹
741 2316 775 2336 11
804 2306 902 2338 ἔπλεν
919 2306 1000 2336 Zen.
1022 2306 1080 2337 Ατ.
1098 2306 1188 2345 vulg.
1207 2317 1213 2338 5
1249 2307 1346 2340 ἔπλευ
1365 2311 1524 2344 cdloq:

197 2346 253 2384 ἧεν
269 2352 294 2379 h
387 2359 423 2387 17
449 2348 620 2390 δηριόωντο
639 2348 690 2380 Et.
709 2348 753 2380 M.
774 2350 845 2381 266.
864 2360 916 2389 407
936 2349 1020 2381 Zon.
1040 2350 1107 2380 lex.
1126 2359 1191 2388 500
