1624 2802
535 137 592 171 11.
668 133 921 171 IAIAAOE
970 136 1000 171 ,Χ

172 233 250 277 ΔΩς
276 234 403 287 ἔφατ’,
431 234 510 273 οὐδ’
539 235 709 284 ἀπίθησε
736 235 950 286 ποδήνεμος
977 236 1075 276 ὠκέα
1095 236 1202 290 Ἶρις,
1373 252 1428 284 ¹95

112 304 165 353 βῆ
192 303 232 341 δὲ
259 301 340 341 κατ’
368 300 521 341 Ἰδαίων
546 300 667 352 ὀρέων
694 303 747 343 εἰς
768 301 892 342 Ἴλιον
919 301 1014 354 ἱρήν.

111 367 187 420 εὗρ’
211 367 295 408 υἱὸν
321 366 516 420 Πριάμοιο
542 366 768 419 δαΐφρονος,
788 366 962 420 ’Έκτορα
986 371 1081 415 δῖον,

111 433 267 475 ἑσταότ’
293 434 335 475 ἔν
361 433 394 474 θ’
419 434 577 474 ἵπποισι
603 434 665 474 καὶ
690 434 838 486 ἅρμασι
865 439 1130 485 κολλητοῖσιν·

111 501 237 553 ἀγχοῦ
261 499 294 541 δ’
321 499 512 551 ἱσταμένη
538 500 722 552 προσέφη
750 501 872 542 πόδας
898 501 997 541 ὠκέα
1015 500 1124 553 Ἶρις·

113 565 307 619 “”Εκτορ,
334 568 393 607 υἱὲ
419 565 627 618 Πριάμοιο,
657 567 724 607 Διὶ
749 569 863 617 μῆτιν
889 566 1094 614 ἀτάλαντε,
1367 584 1430 606 200

111 633 210 675 Ζεύς
233 650 283 684 με
307 632 433 685 πατὴρ
459 632 625 685 προέηκε
649 633 732 674 τεῒν
755 632 847 674 τάδε
870 633 1134 684 μυθήσασθαι.

111 699 201 752 ὄφρ’
228 699 275 740 ἂν
298 699 370 751 μέν
397 716 462 740 κεν
482 700 573 754 ὁρᾷς
597 699 885 752 Ἀγαμέμνονα,
913 700 1076 751 ποιμένα
1099 705 1220 747 λαῶν,

111 766 262 807 θύνοντ’
290 768 331 806 ἐν
356 765 636 819 προμάχοισιν,
663 767 867 818 ἐναίροντα
891 768 1033 819 στίχας
1060 768 1221 819 ἀνδρῶν,

111 832 224 884 τόφρ’
249 834 407 873 ὑπόεικε
430 832 572 886 μάχης,
600 832 669 873 τὸν
694 833 725 873 δ’
752 833 878 874 ἄλλον
902 833 1001 874 λαὸν
1026 833 1175 887 ἄνωχθι

111 899 335 951 μάρνασθαι
360 899 506 950 δηΐοισι
531 901 628 939 κατὰ
655 899 842 952 κρατερὴν
866 901 1046 950 ὑσμίνην.
1370 915 1430 945 205

112 966 231 1019 αὐτὰρ
257 966 345 1007 ἐπεί
368 965 400 1005 κ’
424 963 448 1016 ἢ
473 966 578 1019 δουρὶ
603 967 734 1008 τυπεὶς
757 963 780 1016 ἢ
804 965 1006 1017 βλήμενος
1031 969 1074 1021 ἶῷ

113 1034 167 1074 εἰς
191 1033 331 1074 ἵππους
357 1032 508 1078 ἅλεται,
535 1033 623 1073 τότε
647 1050 706 1073 τοι
733 1032 870 1084 κράτος
895 1032 1120 1085 ἐγγυαλίξει

114 1100 290 1145 κτείνειν,
319 1100 372 1140 εἷς
397 1100 419 1138 ὅ
445 1116 487 1140 κε
512 1101 606 1149 νῆας
631 1099 877 1150 ἐϋσσέλμους
902 1101 1066 1151 ἀφίκηαι

113 1165 181 1221 δύῃ
206 1165 239 1205 τ’
266 1164 399 1215 ἠέλιος
425 1166 486 1205 καὶ
511 1167 575 1206 ἐπὶ
603 1165 747 1218 κνέφας
773 1166 876 1218 ἱερὸν
900 1165 1035 1222 ἔλθῃ.”

178 1231 229 1271 ‘H
255 1234 325 1283 μὲν
351 1231 410 1284 ἄρ’
436 1233 487 1274 ὣς
513 1232 663 1272 εἰποῦσ’
689 1232 819 1283 ἀπέβη
845 1233 966 1274 πόδας
991 1232 1092 1272 ὠκέα
1110 1231 1217 1283 Ἶρις,
1371 1246 1433 1269 210

107 1296 261 1351 ’Έκτωρ
287 1298 319 1338 δ’
346 1296 392 1347 ἐξ
413 1298 541 1351 ὀχέων
566 1299 640 1339 σὺν
665 1300 848 1351 τεύχεσιν
874 1300 972 1339 ἆλτο
998 1300 1160 1352 χαμᾶζε,

114 1364 278 1405 πάλλων
303 1364 336 1405 δ’
362 1364 455 1416 ὀξέα
474 1368 590 1416 δοῦρα
617 1367 712 1404 κατὰ
738 1365 907 1417 στρατὸν
933 1365 1054 1419 ᾤχετο
1079 1365 1216 1421 πάντῃ,

113 1431 283 1483 ὀτρύνων
307 1431 576 1484 μαχέσασθαι,
603 1432 730 1483 ἔγειρε
755 1434 796 1471 δὲ
821 1432 995 1482 φύλοπιν
1021 1431 1144 1481 αἰνήν.

112 1499 146 1537 οἱ
174 1497 206 1537 δ’
234 1499 504 1551 ἐλελίχθησαν
530 1498 592 1537 καὶ
618 1498 787 1537 ἐναντίοι
813 1498 932 1537 ἔσταν
957 1497 1142 1550 Ἀχαιῶν,

112 1562 285 1615 Ἀργεῖοι
310 1563 342 1603 δ’
369 1563 556 1615 ἑτέρωθεν
582 1564 840 1615 ἐκαρτύναντο
865 1563 1090 1615 φάλαγγας.
1371 1576 1431 1606 215

116 1629 283 1682 ἀρτύνθη
311 1632 351 1670 δὲ
377 1629 497 1682 μάχη,
526 1631 626 1669 στὰν
650 1629 682 1669 δ’
708 1631 845 1669 ἀντίοι·
884 1631 924 1670 ἐν
951 1629 983 1669 δ’
1008 1628 1265 1682 Ἀγαμέμνων

116 1699 266 1748 πρῶτος
292 1695 440 1748 ὅρουσ’,
468 1697 604 1736 ἔθελεν
629 1699 670 1736 δὲ
695 1696 796 1736 πολὺ
822 1695 1096 1748 προμάχεσθαι
1121 1695 1315 1736 ἁπάντων.

175 1761 354 1803 ’Έσπετε
379 1765 446 1803 νῦν
471 1779 549 1813 μοι,
579 1765 754 1807 Μοῦσαι,
783 1761 984 1812 Ὀλύμπια
1009 1761 1152 1812 δώματ’
1180 1763 1358 1814 ἔχουσαι,

114 1828 156 1870 ὅς
180 1845 238 1870 τις
262 1829 307 1879 δὴ
334 1833 485 1880 πρῶτος
511 1828 805 1880 Ἀγαμέμνονος
829 1829 961 1868 ἀντίον
987 1827 1106 1878 ἦλθεν

112 1891 135 1944 ἢ
162 1894 287 1936 αὐτῶν
311 1896 458 1947 Τρώων
483 1895 527 1945 ἠὲ
554 1899 715 1938 κλειτῶν
742 1895 968 1946 ἐπικούρων.
1371 1907 1433 1929 220

178 1960 386 2013 Ἰφιδάμας
411 1961 699 2013 Ἀντηνορίδης,
728 1961 795 2011 ἠΰς
820 1978 861 2001 τε
885 1960 1007 2012 μέγας
1031 1977 1085 2006 τε,

111 2025 153 2068 ὃς
176 2026 305 2080 τράφη
335 2030 375 2068 ἐν
403 2029 540 2084 Θρῄκῃ
566 2028 796 2079 ἐριβώλακι,
824 2027 961 2078 μητέρι
985 2025 1133 2077 μήλων·

113 2095 270 2143 Κισσῆς
293 2094 361 2134 τόν
386 2093 422 2146 γ’
448 2094 594 2146 ἔθρεψε
620 2095 753 2144 δόμοις
779 2094 838 2133 ἔνι
863 2093 1001 2132 τυτθὸν
1027 2093 1142 2132 ἐόντα

112 2159 381 2212 μητροπάτωρ,
409 2160 451 2202 ὃς
475 2161 580 2200 τίκτε
607 2161 749 2200 Θεανὼ
775 2158 1057 2214 καλλιπάρῃον·

148 2256 210 2277 2ῐο
234 2248 424 2286 ἀπεβήσατο
440 2251 562 2291 μακρὸν
575 2250 743 2290 Ὄλυμπον
760 2262 781 2288 q
902 2261 962 2281 212
988 2254 1077 2291 δοῦρε
1094 2255 1108 2281 1
1120 2262 1143 2287 p
1154 2248 1210 2281 V¹¹
1224 2249 1284 2281 V¹3
1299 2250 1342 2282 al.

110 2299 167 2326 215
193 2290 293 2323 δὲκαὶ
312 2293 399 2324 αὐτοὶ
418 2293 481 2323 v.l.
500 2299 569 2323 ant.
664 2295 728 2323 216
753 2297 786 2325 ἐν
804 2293 979 2332 gmqu
993 2294 1018 2323 Β
1031 2293 1088 2323 V¹G
1107 2295 1165 2331 (ξδ’
1182 2294 1237 2330 εἶτ
1264 2296 1299 2325 ἐκ
1317 2294 1430 2333 x'ulg.:

107 2333 144 2364 ἂν
160 2343 210 2364 ac
222 2337 245 2364 k
371 2345 433 2365 222
456 2336 585 2377 μήλων]
600 2340 700 2377 θηρῶν
717 2336 797 2368 Zeu.
928 2347 991 2375 223
1016 2336 1153 2377 Κισσῆς]
1170 2338 1305 2368 Κισσεὺς
1321 2342 1372 2368 be
1383 2341 1430 2374 fp

1260 2392 1315 2421 15*
