1624 2802
557 121 593 156 6.
665 118 925 157 ΙΛΙΑΔΟΣ
972 121 1004 158 Ζ

123 216 249 259 δεινὸν
275 217 340 258 ἀπ’
366 218 580 270 ἀκροτάτης
607 220 767 271 κόρυθος
793 221 956 261 νεύοντα
982 220 1141 271 νοήσας.
1373 236 1437 268 470

122 287 163 325 ἐκ
189 284 221 323 δ’
249 283 449 336 ἐγέλασσε
476 285 602 337 πατήρ
626 303 669 326 τε
695 287 813 338 φίλος
841 287 901 326 καὶ
928 288 1067 328 πότνια
1091 287 1230 340 μήτηρ·

8 303 17 392 Ε
121 351 241 391 αὐτίκ’
266 350 341 390 ἀπὸ
368 351 505 403 κρατὸς
532 352 659 405 κόρυθ’
686 353 812 392 εἵλετο
840 354 1023 405 φαίδιμος
1042 352 1213 406 “Εκτωρ,

5 391 15 515 ἒ
74 410 77 412 μ
122 417 181 458 καὶ
206 417 277 467 τὴν
300 419 373 467 μὲν
399 417 610 468 κατέθηκεν
636 420 699 458 ε’πὶ
725 419 839 472 χθονὶ
864 421 1180 472 παμφανόωσαν·

120 483 237 535 αὐτὰρ
263 485 286 523 ὅ
308 483 345 536 γ’
371 483 416 524 ὃν
442 485 564 536 φίλον
588 485 672 525 υἱὸν
698 485 782 525 ἐπεὶ
810 486 904 526 κύσε
930 485 1032 536 πῆλέ
1057 503 1099 526 τε
1125 484 1278 540 χερσίν,

121 550 204 591 εἶπε
227 551 261 590 δ’
287 550 548 601 ἐπευξάμενος
575 553 647 591 Διί
667 551 699 590 τ’
726 551 912 592 ἄλλοισίν
938 569 979 592 τε
1005 555 1145 592 θεοῖσι·
1373 566 1435 596 475

122 619 147 634 “
164 620 238 656 Ζεῦ
263 616 382 657 ἄλλοι
406 634 448 658 τε
474 619 569 663 θεοί,
598 619 687 658 δότε
712 618 757 668 δὴ
786 619 846 658 καὶ
872 619 985 659 τόνδε
1011 618 1199 670 γενέσθαι

119 683 221 724 παῖδ’
249 684 355 735 ἐμόν,
384 684 435 726 ὡς
461 685 523 724 καὶ
549 685 624 736 ἐγώ
652 701 737 736 περ,
766 684 981 736 ἀριπρεπέα
1005 686 1228 737 Τρώεσσιν,

118 751 191 790 ὧδε
214 751 309 801 βίην
334 750 368 789 τ’
394 751 554 803 ἀγαθόν,
585 753 646 791 καὶ
673 751 792 791 Ἰλίου
818 751 884 802 ἶφι
908 751 1113 792 ἀνάσσειν·

119 817 184 857 καί
206 816 301 857 ποτέ
325 833 382 858 τις
409 818 511 858 ε’ίποι
539 820 548 834 ‘
566 818 710 868 πατρός
736 817 772 869 γ’
799 819 863 858 ὅδε
889 818 1042 858 πολλὸν
1069 819 1238 868 ἀμείνων
1254 817 1263 831 ’

118 884 159 923 ἐκ
184 883 358 935 πολέμου
384 885 555 924 ἀνιόντα·
595 884 710 936 φέροι
736 884 768 923 δ’
796 885 912 936 ἔναρα
937 885 1155 935 βροτόεντα
1371 891 1436 928 480

119 950 267 992 κτείνας
293 948 400 1000 δήϊον
426 950 559 1002 ἄνδρα,
590 953 727 1004 χαρείη
754 953 795 990 δὲ
824 950 950 1002 φρένα
974 949 1138 1002 μήτηρ.”

176 1014 254 1058 ιχΩς
280 1017 399 1056 εἰπὼν
425 1017 590 1069 ἀλόχοιο
618 1018 739 1068 φίλης
767 1018 807 1056 ἐν
833 1016 971 1070 χερσὶν
998 1017 1112 1068 ἔθηκε

117 1082 220 1123 παῖδ’
246 1083 324 1123 ἑόν·
362 1083 384 1133 ἡ
411 1083 443 1123 δ’
470 1083 543 1135 ἄρα
569 1100 634 1133 μιν
661 1084 799 1133 κηώδεϊ
825 1082 963 1133 δέξατο
991 1084 1122 1136 κόλπῳ

117 1149 301 1201 δακρυόεν
327 1149 550 1201 γελάσασα·
588 1151 704 1190 πόσις
731 1150 763 1189 δ’
791 1149 933 1198 ἐλέησε
960 1147 1120 1198 νοήσας,

116 1217 222 1268 χειρί
241 1215 284 1256 τέ
309 1233 375 1266 μιν
402 1215 605 1270 κατέρεξεν
632 1216 725 1257 ἔπος
750 1215 783 1255 τ’
810 1215 924 1267 ἔφατ’
951 1216 993 1255 ἔκ
1018 1215 1051 1254 τ’
1078 1215 1255 1265 ὀνόμαζε·
1372 1221 1434 1259 485

119 1285 143 1299 “
159 1283 350 1334 δαιμονίη,
378 1282 430 1333 μή
454 1284 525 1333 μοί
546 1299 582 1322 τι
608 1284 699 1332 λίην
725 1283 908 1335 ἀκαχίζεο
935 1285 1053 1336 θυμῷ·

117 1348 160 1388 οὐ
184 1348 260 1401 γάρ
285 1350 343 1390 τίς
368 1349 406 1398 μ’
433 1350 529 1400 ὑπὲρ
555 1349 674 1389 αἶσαν
700 1349 797 1400 ἀνὴρ
817 1348 925 1388 ’Ἄϊδι
950 1348 1154 1399 προϊάψει·

115 1419 252 1468 μοῖραν
279 1415 311 1456 δ’
338 1417 382 1456 οὔ
407 1415 493 1456 τινά
520 1420 620 1468 φημι
646 1415 900 1468 πεφυγμένον
926 1415 1087 1465 ἔμμεναι
1113 1415 1276 1465 ἀνδρῶν,

117 1482 160 1521 οὐ
186 1483 315 1529 κακόν,
345 1482 433 1523 οὐδὲ
459 1484 531 1532 μὲν
559 1483 719 1528 ἐσθλόν,
750 1482 846 1531 ἐπὴν
872 1483 919 1520 τὰ
946 1485 1078 1532 πρῶτα
1104 1480 1277 1532 γένηται.

117 1548 206 1589 ἀλλ’
233 1551 286 1591 εἷς
313 1549 420 1589 οἶκον
448 1550 562 1589 ἰοῦσα
586 1551 634 1588 τὰ
661 1548 698 1587 σ’
725 1548 841 1598 αὐτῆς
867 1547 962 1599 ἔργα
989 1547 1131 1597 κόμιζε,
1374 1559 1436 1591 490

117 1616 229 1656 ἱστόν
254 1615 288 1654 τ’
313 1615 514 1666 ἠλακάτην
539 1631 593 1661 τε,
623 1615 683 1654 καὶ
710 1614 977 1666 ἀμφιπόλοισι
1004 1613 1136 1653 κέλευε

116 1682 232 1734 ἔργον
259 1684 505 1735 ἐποίχεσθαι·
543 1682 716 1731 πόλεμος
742 1680 774 1720 δ’
799 1680 990 1732 ἄνδρεσσι
1014 1677 1181 1730 μελήσει

118 1751 229 1794 πᾶσι,
256 1746 433 1798 μάλιστα
459 1746 490 1786 δ’
521 1746 618 1796 ἐμοί,
645 1745 704 1784 τοὶ
730 1744 835 1798 Ἰλίῳ
862 1744 1140 1796 ἐγγεγάασιν.”

178 1808 256 1851 Ἳὶς
282 1809 356 1861 ἄρα
383 1808 573 1861 φωνήσας
601 1808 729 1861 κόρυθ’
757 1810 885 1849 εἵλετο
912 1810 1097 1860 φαίδιμος
1116 1807 1274 1860 ’Έκτωρ

119 1876 312 1928 ἵππουριν·
350 1875 499 1929 ἄλοχος
525 1878 566 1916 δὲ
593 1876 692 1927 φίλη
719 1875 869 1915 οἶκόνδε
894 1875 1064 1926 βεβήκει
1374 1888 1432 1919 495

119 1942 485 1994 ἐντροπαλιζομένη,
514 1942 680 1994 θαλερὸν
707 1943 803 1981 κατὰ
828 1941 947 1993 δάκρυ
972 1940 1136 1994 χέουσα.

118 2007 221 2060 αἶψα
245 2009 278 2048 δ’
305 2008 426 2050 ἔπειθ’
452 2010 560 2049 ἵκανε
586 2009 726 2059 δόμους
753 2009 793 2048 εὖ
819 2007 1071 2048 ναιετάοντας

111 2072 303 2127 ’Έκτορος
329 2076 604 2128 ἀνδροφόνοιο,
634 2074 827 2127 κιχήσατο
854 2074 886 2113 δ’
914 2075 1043 2114 ἔνδοθι
1068 2074 1220 2113 πολλὰς

154 2177 217 2207 475
242 2169 310 2200 εἶπε
327 2171 353 2200 δ’
369 2169 426 2199 Ar.
446 2181 453 2200 z
478 2169 548 2201 εἶπέ
562 2171 591 2201 τ’
610 2168 658 2200 U⁵
670 2168 713 2200 V4
725 2168 801 2202 Vm:
829 2170 916 2202 εἶπεν
932 2170 1020 2208 vulg.
1147 2181 1208 2209 477
1230 2166 1312 2211 ἇβῖπ.
1326 2168 1386 2218 ᾩῊ
1405 2170 1436 2200 Α

198 2212 261 2250 478
285 2212 360 2249 βίην
384 2212 504 2253 ἀγαθόν
527 2226 563 2244 τε
588 2213 651 2244 v.l.
680 2218 762 2251 ant.,
786 2213 990 2243 cehCDT
1013 2212 1076 2244 aL:
1102 2213 1179 2251 βίην
1201 2213 1231 2244 τ’
1249 2214 1370 2254 ἀγαθόν
1401 2227 1436 2244 τε

111 2254 202 2285 abB
228 2254 291 2285 al.:
319 2256 393 2293 βίην
418 2257 537 2297 ἀγαθὸν
560 2267 583 2293 p
598 2255 642 2285 Ν4
654 2255 711 2285 Vl*
729 2268 735 2286 :
759 2269 778 2294 η
801 2269 889 2294 κοινη
912 2256 1019 2296 βιηῖν]
1041 2256 1135 2296 διχ[α
1156 2256 1267 2297 roffi]
1286 2255 1348 2304 12²¹

113 2307 176 2336 479
200 2301 279 2330 εἴποι
296 2298 350 2330 cit.
369 2299 453 2333 Nic..
474 2298 503 2328 A
520 2309 564 2330 ss.
586 2299 613 2328 B
626 2300 652 2329 C
667 2299 744 2329 Vm:
770 2302 875 2340 εἴπῃσι
896 2299 984 2337 vulg.
1096 2299 1128 2339 γ’
1150 2301 1201 2331 ὅδε
1218 2299 1278 2329 ΑΓ.
1301 2298 1341 2330 U¹
1356 2299 1411 2329 V¹⁸
1431 2311 1437 2328 ι

113 2341 139 2372 δ’
157 2341 173 2373 ὅ
188 2354 225 2382 γε
243 2341 331 2381 vulg.
438 2342 553 2380 ἀμείνω
572 2342 660 2372 Μ”Τ
680 2342 735 2373 (εἷ.
755 2344 848 2375 Ago}
995 2343 1057 2380 484
1085 2342 1207 2383 ἐλέαιρε
1225 2347 1333 2374 cehl
1347 2343 1375 2372 D
1392 2343 1433 2372 al.

199 2394 260 2424 493
285 2385 330 2415 ita
351 2383 406 2433 pfl
427 2385 532 2425 Epist.
554 2385 598 2416 iii.
625 2379 695 2426 108,
716 2387 783 2425 ἐμοὶ
802 2385 835 2417 δὲ
852 2386 997 2425 μάλιστα
1014 2390 1076 2416 cet.
