1660 2802
642 126 676 158 4.
749 119 1010 156 IAIAAOE
1060 122 1094 156 Δ

208 224 312 262 ἀλλὰ
341 223 401 262 καὶ
426 223 477 264 ὥς
504 224 665 262 ἱππεῦσι
691 221 936 272 μετέσσομαι
960 221 1029 271 ἠδὲ
1054 222 1230 262 κελεύσω

207 289 335 344 βουλῇ
363 290 424 328 καὶ
449 289 621 339 μύθοισι·
659 288 703 327 τὸ
731 290 802 339 γὰρ
828 287 945 339 γέρας
971 288 1056 328 ἐστὶ
1081 290 1290 341 γερόντων.

207 356 352 407 αἰχμὰς
377 354 409 393 δ’
435 354 710 408 αἰχμάσσουσι
735 354 927 405 νεώτεροι,
956 354 996 395 οἵ
1016 372 1090 406 περ
1113 356 1220 405 ἐμεῖο

208 422 417 472 ὁπλότεροι
441 420 612 473 γεγάασι
637 420 876 460 πεποίθασίν
900 437 942 461 τε
965 420 1150 473 βίηφιν.”
1470 436 1531 466 325

268 486 347 528 ιχΩς
372 486 502 539 ἔφατ’,
530 486 731 538 Ἀτρεΐδης
756 488 798 527 δὲ
822 485 1027 542 παρῴχετο
1053 489 1273 539 γηθόσυνος
1300 490 1381 540 κῆρ.

209 553 286 604 εὗρ’
312 552 394 593 υἱὸν
422 557 581 593 Πετεῶο
607 555 824 603 Μενεσθῆα
847 552 1077 604 πλήξιππον

209 619 380 659 ἑσταότ’·
419 619 520 671 ἀμφὶ
548 619 582 658 δ’
607 618 826 669 Ἀθηναῖοι,
852 618 1058 673 μήστωρες
1084 621 1213 671 ἀϋτῆς·

209 686 328 737 αὐτὰρ
355 686 374 724 ὁ
400 687 575 736 πλησίον
601 685 763 736 ἑστήκει
786 687 1003 737 πολύμητις
1029 687 1264 733 Ὀδυσσεύς,

208 754 286 803 πὰρ
313 755 355 793 δὲ
380 751 658 803 Κεφαλλήνων
684 753 787 804 ἀμφὶ
813 754 951 806 στίχες
975 754 1043 794 οὐκ
1068 754 1292 794 ἀλαπαδναὶ
1470 768 1534 798 330

209 819 398 859 ἕστασαν·
437 818 482 858 οὐ
504 818 579 871 γάρ
604 819 663 859 πώ
691 824 790 870 σφιν
815 820 976 859 ἀκούετο
1000 820 1097 862 λαὸς
1121 821 1251 870 ἀϋτῆς,

209 886 317 924 ἀλλὰ
340 884 428 925 νέον
456 885 756 936 συνορινόμεναι
783 887 936 926 κίνυντο
963 886 1170 939 φάλαγγες

208 951 354 1002 Τρώων
382 951 612 1002 ἱπποδάμων
639 953 700 992 καὶ
726 952 913 1004 Ἀχαιῶν·
953 954 988 992 οἱ
1013 955 1054 993 δὲ
1078 952 1263 1003 μένοντες

210 1018 399 1063 ἕστασαν,
428 1019 576 1059 ὁππότε
599 1019 747 1070 πύργος
772 1018 947 1071 Ἀχαιῶν
973 1019 1095 1060 ἄλλος
1121 1020 1299 1060 ἐπελθὼν

209 1085 357 1135 Τρώων
383 1083 569 1136 ὁρμήσειε
594 1086 657 1124 καὶ
683 1084 841 1135 ἄρξειαν
866 1084 1069 1135 πολέμοιο.
1474 1100 1533 1130 335

211 1150 299 1192 τοὺς
324 1153 366 1191 δὲ
393 1152 484 1190 ἰδὼν
509 1152 717 1191 νείκεσσεν
743 1150 845 1201 ἄναξ
867 1152 1016 1203 ἀνδρῶν
1043 1151 1316 1204 Ἀγαμέμνων,

211 1218 278 1257 καί
300 1223 430 1268 σφεας
456 1216 647 1268 φωνήσας
674 1217 769 1257 ἔπεα
794 1218 1006 1269 πτερόεντα
1031 1219 1248 1270 προσηύδα·

214 1281 278 1301 «0

256 1302 284 1323 ω
309 1285 366 1323 υἱὲ
396 1287 554 1324 Πετεῶο
579 1283 805 1336 διοτρεφέος
831 1286 1043 1334 βασιλῆος,

213 1351 275 1390 καὶ
301 1350 363 1395 σύ,
393 1354 546 1390 κακοῖσι
571 1351 729 1390 δόλοισι
757 1350 984 1401 κεκασμένε,
1014 1352 1319 1404 κερδαλεόφρον,

212 1417 323 1456 τίπτε
350 1417 705 1458 καταπτώσσοντες
732 1416 948 1469 ἀφέστατε,
974 1419 1137 1468 μίμνετε
1162 1418 1194 1458 δ’
1219 1418 1386 1466 ἄλλους;
1473 1433 1536 1464 340
1561 1464 1564 1467 ,

214 1487 346 1534 σφῶϊν
370 1483 443 1533 μέν
467 1482 499 1522 τ’
525 1483 679 1523 ἐπέοικε
698 1485 796 1533 μετὰ
822 1485 1037 1535 πρώτοισιν
1063 1485 1199 1527 ἐόντας

214 1548 384 1599 ἑστάμεν
410 1549 476 1599 ἠδὲ
501 1549 631 1602 μάχης
658 1551 891 1601 καυστείρης
917 1550 1196 1601 ἀντιβολῆσαι·

214 1616 352 1668 πρώτω
379 1618 453 1668 γὰρ
478 1616 540 1656 καὶ
566 1615 696 1658 δαιτὸς
722 1615 990 1666 ἀκουάζεσθον
1016 1618 1134 1667 ἐμεῖο,

214 1682 361 1723 ὁππότε
387 1685 499 1722 δαῖτα
523 1682 706 1734 γέρουσιν
731 1684 1008 1734 ἐφοπλίζωμεν
1033 1682 1204 1737 Ἀχαιοί.

214 1748 308 1788 ἔνθα
334 1748 421 1800 φίλ’
447 1749 623 1789 ὀπταλέα
650 1749 742 1800 κρέα
768 1749 925 1799 ἔδμεναι
948 1750 1016 1800 ἠδὲ
1044 1750 1221 1791 κύπελλα
1477 1765 1536 1796 345

214 1815 321 1855 οἴνου
344 1814 547 1866 πινέμεναι
572 1815 789 1865 μελιηδέος,
817 1816 909 1868 ὄφρ’
938 1816 1137 1867 ἐθέλητον·

215 1884 283 1921 νῦν
307 1883 349 1921 δὲ
375 1882 504 1932 φίλως
529 1882 568 1934 χ’
595 1883 737 1935 ὁρόῳτε
765 1883 826 1922 καὶ
853 1883 886 1923 εἰ
910 1883 1004 1923 δέκα
1027 1884 1168 1936 πύργοι
1192 1884 1367 1938 Ἀχαιῶν

215 1948 356 1997 ὑμείων
382 1948 621 1999 προπάροιθε
646 1950 841 2002 μαχοίατο
868 1949 981 2000 νηλέϊ
1004 1949 1183 2004 χαλκῷ.”

281 2013 362 2053 Τὸν
387 2013 419 2053 δ’
444 2013 505 2065 ἄρ’
531 2015 679 2066 ὑπόδρα
706 2017 798 2057 ἰδὼν
825 2015 1010 2069 προσέφη
1036 2016 1255 2067 πολύμητις
1279 2016 1514 2058 Ὀδυσσεύς·

274 2079 451 2132 Ατρεΐδη,
479 2082 591 2120 ποῖόν
618 2099 664 2122 σε
691 2082 784 2124 ἔπος
810 2084 935 2135 φύγεν
961 2083 1073 2134 ἕρκος
1097 2083 1287 2129 ὀδόντων;
1477 2096 1539 2127 350

216 2150 297 2187 πῶς
321 2146 366 2196 δὴ
393 2145 470 2203 φῂς
496 2148 685 2201 πολέμοιο
709 2149 906 2201 μεθιέμεν,
934 2149 1073 2189 ὁππότ’
1100 2149 1255 2202 Ἀχαιοὶ

215 2213 375 2264 Τρωσὶν
401 2213 466 2264 ἐφ’
494 2216 774 2267 ἱπποδάμοισιν
801 2219 1002 2270 ἐγείρομεν
1027 2215 1286 2269 ὀξὺ1»”Ἀρηα;

219 2079 269 2097 ‹6’

260 2312 322 2343 333
347 2306 459 2345 Τρώων
474 2304 531 2335 Ar.
552 2315 570 2335 c
581 2309 629 2336 hi
640 2306 667 2336 T
683 2307 726 2338 al.
742 2318 747 2336 :
773 2310 884 2349 Τρώων
901 2311 927 2340 θ’
944 2309 1032 2348 vulg.
1196 2318 1256 2348 334
1282 2310 1404 2343 ὁππότε
1421 2310 1475 2344 κέν
1491 2324 1538 2344 τις

218 2347 362 2380 ἐναντίον
390 2348 491 2379 ἄλλος
520 2351 662 2381 ἐπελθὼν
690 2353 801 2390 Τρώων
831 2352 980 2393 ὁρμήσειε
1009 2352 1059 2383 καὶ
1089 2353 1188 2393 ἄρξειε
1217 2354 1268 2384 ed.
1298 2354 1318 2392 ἡ
1340 2353 1538 2395 πολύστιχος

217 2399 370 2464 αΜτὸῗῖ
389 2390 531 2465 ξέᾷβισι]
549 2391 678 2433 λόγοισι
689 2392 734 2440 12⁴
827 2395 948 2435 φαίδιμ’
966 2395 1125 2428 Ὀδυσσεῦ
1142 2395 1221 2427 Zen.
1325 2407 1386 2436 344
1413 2398 1538 2439 ἀχαιοῖς
