1629 2828
517 129 930 171 PRAEFATIO

66 246 187 290 nobis
209 258 284 298 per
304 243 434 285 libros
463 248 611 285 notam
642 241 895 295 interposita
925 247 989 280 est
1017 238 1222 280 distantia
1252 250 1382 291 quam

64 316 138 358 vix
158 314 286 355 hodie
309 312 510 354 metiaris.

120 383 244 436 Quae
265 395 362 423 cum
385 382 445 422 ita
467 381 565 430 sint,
593 378 867 420 manifestum
890 383 953 418 est
975 378 1027 418 de
1048 381 1175 416 textu
1200 373 1385 415 Homeri

63 452 142 494 trIa
162 463 253 492 esse
276 450 507 503 praecipua
529 447 789 502 quaestionis
813 446 969 499 capita.
1024 444 1217 485 Primum
1240 443 1385 484 danda

64 527 126 561 est
148 533 278 573 opera
300 524 346 559 ut
369 517 576 558 librorum
598 515 847 556 testimonia
869 513 1126 566 colligantur
1149 518 1278 564 atque
1307 511 1386 550 rite

64 588 352 630 aestimentur.
417 586 587 625 Deinde
622 584 677 624 ad
716 583 918 636 antiquos
950 580 1303 629 convertendum,
1336 591 1385 618 ac

65 655 257 698 lectionis
279 655 465 696 varietas
487 668 510 694 e
533 651 786 706 fragmentis
808 651 1031 692 doctrinae
1055 647 1388 690 Alexandrinae

65 725 353 767 instauranda.
394 724 616 764 Postremo
630 721 665 761 si
680 721 734 761 de
751 720 932 773 pristino
950 719 1170 771 epicorum
1188 729 1388 757 sermone

65 794 331 835 coniecturas
353 805 505 845 capere
527 789 643 839 libet,
664 803 729 830 res
752 794 815 828 est
838 801 922 828 non
946 788 987 827 in
1011 786 1169 827 chartis
1193 784 1388 839 papyris-

5 890 7 904 ι
66 877 148 916 que
170 862 323 915 posita,
339 861 413 901 sed
438 860 479 900 in
503 858 680 900 scientia
704 858 946 910 linguarum
966 870 1061 896 cum
1083 855 1276 896 Graecae
1293 859 1386 893 tum

0 914 6 958 3*
65 937 355 984 cognatarum.
420 927 700 968 Praefationis
722 940 825 980 ergo
846 932 1018 967 nostrae
1044 923 1256 977 triplicem
1279 921 1391 962 hanc

68 999 293 1040 materiam
316 997 464 1051 paucis
486 995 696 1037 conficere
719 995 929 1036 volumus.

128 1080 164 1108 1.
200 1066 381 1108 Homeri
425 1066 622 1106 codicum
664 1070 783 1104 tanta
826 1070 888 1103 est
932 1063 973 1101 in
1015 1061 1216 1101 omnibus
1258 1072 1391 1111 prope

69 1135 340 1177 bibliothecis
362 1134 612 1180 multitudo,
635 1139 681 1172 ut
705 1132 787 1171 arti
809 1131 983 1171 criticae
1006 1143 1090 1169 non
1113 1134 1204 1168 tam
1235 1129 1391 1168 instru-

70 1210 214 1245 menta
259 1217 390 1256 quam
434 1202 748 1256 impedimenta
798 1199 966 1240 fuerint.
1042 1197 1227 1238 Materia
1278 1196 1393 1236 enim

68 1278 299 1325 superante
321 1284 427 1324 opus
450 1270 564 1311 mole
596 1269 819 1310 laborabat
842 1280 930 1308 sua.
995 1266 1220 1307 Editiones
1245 1264 1393 1305 Iliadis

70 1348 170 1382 ante
187 1340 463 1393 Heynianam
479 1337 690 1391 plurimae
709 1343 842 1384 erant,
857 1336 932 1376 sed
951 1349 973 1376 e
991 1335 1138 1388 paucis
1153 1333 1393 1374 admodum

71 1410 259 1452 fontibus
281 1416 455 1450 tractae„
507 1409 604 1460 Ipse
630 1406 789 1459 Heyne
810 1406 897 1446 duo
918 1404 1054 1445 bonos
1076 1410 1203 1444 antea
1226 1402 1396 1455 ignotos

71 1479 268 1526 adduxit,
289 1478 507 1518 Venetum
532 1473 620 1528 (qui
644 1488 780 1528 nuper
802 1488 826 1513 a
847 1473 1091 1514 Villoisono
1113 1471 1257 1512 editus
1286 1470 1395 1521 erat)

71 1553 114 1588 et
136 1546 476 1588 Townleianum.
540 1545 709 1584 Praeter
737 1556 810 1583 eos
838 1543 913 1583 vix
943 1542 1096 1582 decem
1127 1540 1303 1593 integris
1334 1539 1397 1579 uti

71 1616 225 1670 potuit.
290 1615 450 1655 Nostra
471 1613 656 1665 denique
685 1611 892 1653 memoria
920 1610 1105 1651 multum
1131 1608 1309 1662 profecit
1333 1607 1398 1648 La

74 1685 225 1725 Roche
247 1684 363 1737 quod
380 1683 597 1724 Venetum
621 1687 663 1721 et
685 1687 771 1721 tres
793 1679 1155 1720 Vindobonenses
1179 1677 1236 1730 (G
1255 1677 1297 1716 H
1318 1674 1399 1730 Ll)

73 1754 217 1795 denuo
254 1751 452 1800 contulit,
484 1751 589 1791 alios
625 1748 815 1790 melioris
852 1755 990 1797 notae,
1023 1746 1278 1800 praesertim
1312 1744 1399 1785 duo

77 1820 393 1863 Laurentianos
430 1818 482 1871 (C
518 1819 591 1871 D),
628 1817 792 1870 primus
834 1816 1047 1856 adhibuit.
1131 1814 1258 1854 Nunc
1299 1826 1400 1853 vero

77 1890 400 1931 annotationem
424 1887 614 1928 criticam
641 1885 821 1926 Homeri
845 1884 995 1926 amicis
1018 1883 1250 1923 deferimus
1275 1883 1401 1936 longe

78 1958 227 2001 maiori
249 1957 538 1999 subsidiorum
561 1955 688 2009 copia
712 1954 933 1994 munitam.
979 1953 1212 1994 Codicibus
1229 1953 1402 1993 enim——

78 2033 124 2067 ut
139 2041 194 2068 ex
209 2025 389 2067 elencho
404 2024 612 2078 siglorum
630 2021 1017 2065 videbitur—circa
1032 2028 1205 2062 centum
1223 2021 1403 2073 triginta

78 2096 143 2137 usi
165 2109 336 2137 sumus:
369 2107 553 2148 quorum
584 2092 680 2146 plus
712 2098 885 2132 centum
918 2088 980 2131 ita
1014 2090 1202 2130 excussit
1236 2089 1404 2142 collega

81 2178 199 2205 meus
221 2163 418 2205 Thomas
442 2162 575 2203 Allen
598 2168 644 2202 ut
666 2167 740 2201 aut
766 2166 916 2201 textus
947 2158 1098 2211 integri
1127 2157 1403 2198 collationem

81 2234 227 2276 fecerit
270 2239 345 2275 aut
385 2231 523 2273 varias
563 2230 769 2272 lectiones
811 2242 922 2282 quae
978 2227 1141 2279 aliquid
1195 2225 1404 2267 momenti

80 2304 306 2344 habiturae
332 2307 475 2342 essent
506 2298 795 2352 exscripserit.
858 2297 948 2337 Nec
980 2295 1221 2349 congeriem
1256 2295 1404 2335 rudem

580 2384 589 2402 ¹
621 2399 649 2411 =
669 2383 733 2421 Vi'·',
754 2382 819 2418 Vis‘,
839 2381 904 2411 Vi'.

723 2449 771 2471 Vll
