1624 2802
532 138 565 171 5.
643 132 895 170 ΙΛῘΑΔΟΣ
947 133 975 168 Ε

97 236 247 287 έλλαβε
270 235 488 288 πορφύρεος
514 234 679 277 θάνατος
706 236 766 276 καὶ
791 238 908 287 μοῖρα
935 234 1108 286 κραταιή.

155 302 233 344 ὸΩς
258 304 293 343 οἱ
316 304 388 353 μὲν
412 301 600 343 πονέοντο
626 304 722 343 κατὰ
748 302 937 354 κρατερὴν
962 302 1142 352 ὑσμίνην·

95 368 280 420 Τυδεΐδην
305 368 337 409 δ’
363 368 429 408 οὐκ
455 368 502 409 ἂν
527 370 662 421 γνοίης
687 368 890 421 ποτέροισι
914 369 1060 419 μετείη,
1371 374 1408 411 85

94 436 138 487 ἠὲ
160 437 256 487 μετὰ
279 435 488 488 Τρώεσσιν
513 434 665 486 ὁμιλέοι
690 434 713 485 ἦ
736 434 820 485 μετ’
840 434 1029 488 Ἀχαιοῖς.

95 505 182 543 θῦνε
205 503 279 555 γὰρ
303 500 355 553 ἂμ
379 502 512 542 πεδίον
537 505 696 556 ποταμῷ
722 499 914 551 πλήθοντι
939 501 1074 543 ἐοικὼς

93 567 301 622 χειμάρρῳ,
327 569 369 610 ὅς
393 568 426 608 τ’
451 566 531 608 ὦκα
553 568 653 620 ῥέων
677 567 872 609 ἐκέδασσε
895 569 1081 620 γεφύρας·

95 635 161 676 τὸν
185 634 216 675 δ’
242 634 322 675 οὔτ’
345 634 392 686 ἄρ
418 652 459 675 τε
484 634 653 687 γέφυραι
678 635 884 687 ἐεργμέναι
911 634 1170 687 ἰσχανόωσιν,

95 700 170 742 οὔτ’
197 700 270 753 ἄρα
294 701 407 753 ἕρκεα
431 703 541 754 ἴσχει
564 701 731 742 ἀλωάων
758 701 971 753 ἐριθηλέων
1023 741 1026 744 «
1370 715 1413 746 90

95 767 244 809 ἐλθόντ’
269 766 464 818 ἐξαπίνης,
491 767 547 808 ὅτ’
573 768 764 824 ἐπιβρίσῃ
792 768 888 810 Διὸς
912 770 1075 820 ὄμβρος·

93 835 223 876 πολλὰ
243 834 275 874 δ’
298 834 361 874 ὑπ’
389 834 505 875 αὐτοῦ
530 836 625 887 ἔργα
652 834 836 886 κατήριπε
863 834 948 874 κάλ’
974 835 1129 884 αἰζηῶν·

94 902 143 943 ὣς
165 900 238 942 ὑπὸ
262 900 428 957 Τυδεΐδῃ
453 903 609 942 πυκιναὶ
636 900 843 942 κλονέοντο
869 901 1077 953 φάλαγγες

92 967 249 1020 Τρώων,
276 967 354 1008 οὐδ’
380 967 454 1020 ἄρα
477 985 543 1018 μιν
568 969 710 1019 μίμνον
734 968 876 1010 πολέες
901 985 972 1020 περ
998 969 1140 1010 ἐόντες.

156 1034 237 1075 Τὸν
263 1033 294 1074 δ’
321 1035 371 1076 ὡς
397 1034 463 1074 οὖν
490 1036 631 1085 ἐνόησε
655 1035 854 1076 Λυκάονος
879 1034 1028 1086 ἀγλαὸς
1052 1035 1132 1076 υἱὸς
1371 1046 1410 1077 95

94 1100 242 1141 θύνοντ’
269 1100 322 1152 ἂμ
347 1102 479 1141 πεδίον
504 1101 579 1153 πρὸ
606 1102 692 1142 ἕθεν
719 1101 930 1142 κλονέοντα
955 1101 1179 1154 φάλαγγας,

93 1166 180 1219 αἶψ’
206 1167 268 1209 ἐπὶ
291 1167 456 1223 Τυδεΐδῃ
483 1169 693 1208 ἐτιταίνετο
720 1168 903 1218 καμπύλα
927 1166 1034 1218 τόξα,

94 1234 154 1274 καὶ
178 1233 273 1285 βάλ’
301 1234 546 1275 ἐπαΐσσοντα
570 1235 700 1288 τυχὼν
725 1236 822 1274 κατὰ
847 1233 975 1284 δεξιὸν
1000 1232 1118 1285 ὦμον,

93 1300 263 1352 θώρηκος
287 1301 448 1353 γύαλον·
485 1303 547 1341 διὰ
573 1301 605 1341 δ’
631 1301 774 1342 ἔπτατο
800 1301 935 1353 πικρὸς
960 1302 1107 1348 ὀϊστός,

92 1366 246 1420 ἀντικρὺ
270 1369 311 1408 δὲ
336 1367 485 1421 διέσχε,
514 1368 746 1408 παλάσσετο
772 1368 803 1408 δ’
830 1369 962 1419 αἵματι
987 1367 1128 1419 θώρηξ.
1352 1380 1412 1401 100

92 1437 142 1488 τῷ
169 1434 201 1474 δ’
227 1434 290 1475 ἐπὶ
313 1434 460 1486 μακρὸν
484 1434 580 1475 ἄϋσε
606 1434 806 1477 Λυκάονος
831 1435 980 1487 ἀγλαὸς
1004 1436 1097 1476 υἱός·

94 1502 118 1517 “
135 1502 313 1553 ὄρνυσθε,
339 1504 471 1552 Τρῶες
495 1501 723 1553 μεγάθυμοι,
753 1501 928 1553 κέντορες
953 1503 1094 1543 ἵππων·

92 1566 290 1617 βέβληται
315 1568 389 1619 γὰρ
414 1567 572 1619 ἄριστος
597 1567 783 1620 Ἀχαιῶν,
810 1568 898 1608 οὐδέ
923 1569 942 1608 ἕ
966 1574 1067 1620 φημι

93 1632 173 1683 δήθ’
198 1632 475 1687 ἀνσχήσεσθαι
503 1634 688 1685 κρατερὸν
712 1634 847 1684 βέλος,
876 1635 909 1674 εἰ
936 1636 1044 1675 ἐτεόν
1068 1651 1116 1684 με

92 1697 217 1751 ὦρσεν
243 1698 345 1749 ἄναξ
367 1700 463 1742 Διὸς
487 1701 568 1742 υἱὸς
593 1700 859 1753 ἀπορνύμενον
885 1700 1116 1751 Auximon-P
1351 1713 1409 1743 105

151 1764 230 1809 ὁΩς
255 1767 370 1819 ἔφατ’
395 1766 619 1820 εὐχόμενος’
657 1767 724 1807 τὸν
750 1766 782 1806 δ’
807 1767 852 1807 οὐ
876 1767 1000 1817 βέλος
1026 1767 1102 1807 ὠκὺ
1128 1765 1346 1818 δάμασσεν,

93 1832 181 1873 ἀλλ’
205 1833 468 1886 ἀναχωρήσας
491 1833 633 1885 πρόσθ’
659 1835 809 1874 ἵπποιιν
835 1835 897 1874 καὶ
922 1835 1095 1886 ὄχεσφιν

93 1899 200 1950 ἔστη,
229 1901 289 1940 καὶ
314 1899 508 1940 Σθένελον
534 1899 731 1952 προσέφη,
760 1899 988 1950 Καπανήϊον
1011 1900 1108 1940 υἱόν·

95 1966 119 1982 “
135 1967 243 2017 ὄρσο,
270 1965 396 2007 πέπον
421 1966 691 2017 Καπανηϊάδη,
723 1966 950 2017 καταβήσεο
974 1968 1125 2018 δίφρου,

93 2033 195 2084 ὄφρα
218 2049 283 2083 μοι
308 2032 354 2083 ἐξ
376 2034 492 2083 ὤμοιο
519 2034 691 2089 ἐρύσσῃς
717 2033 853 2085 πικρὸν
879 2032 1053 2072 ὀϊστόν.”
1349 2044 1409 2066 110

152 2096 230 2141 ‘¹529
255 2098 312 2150 ἄρ’
338 2099 426 2151 ἔφη,
456 2099 650 2142 Σθένελος
675 2101 715 2139 δὲ
744 2099 827 2139 καθ’
854 2100 983 2139 ἵππων
1008 2099 1106 2138 ἆλτο
1131 2098 1294 2151 χαμᾶζε,

136 2190 178 2228 89
202 2189 365 2231 ἐεργμέναι
381 2190 471 2229 vulg.
489 2202 494 2220 :
522 2190 663 2231 ἐερμέναι
679 2189 737 2222 Ar.
759 2189 800 2220 1³⁷
819 2191 855 2232 (ιγ
872 2191 904 2220 in
924 2201 986 2222 ras.
1007 2190 1051 2228 Α)
1171 2192 1213 2230 96
1238 2192 1280 2230 ἂμ
1296 2191 1383 2229 vulg.
1405 2204 1411 2223 z

94 2233 132 2264 ἂν
146 2232 215 2262 ΑΤ
231 2233 271 2263 al.
363 2232 500 2273 πρόσθεν
519 2232 568 2263 Μ5
580 2232 626 2263 05
637 2232 692 2271 0⁰,
713 2233 764 2264 Ge
783 2244 821 2265 m.
843 2245 862 2264 2
976 2243 1033 2271 104
1059 2234 1137 2271 δηθὰ
1154 2234 1335 2273 σχήσεσθαι
1351 2234 1410 2281 12¹⁶

95 2279 150 2312 εἱς
162 2274 213 2306 Ge
226 2275 264 2306 1³⁰
279 2274 334 2306 ΡΠ)
346 2275 399 2306 1³1⁶
412 2276 457 2306 U⁶
473 2276 530 2316 al„
548 2287 579 2307 v.
594 2276 614 2308 l.
637 2276 730 2308 Eust.
855 2276 954 2314 βέλος
971 2276 1027 2308 Ar.
1049 2276 1137 2315 vulg.
1155 2288 1161 2306 t
1185 2277 1278 2316 μένος
1290 2275 1349 2325 pm
1360 2278 1411 2308 Ge

182 2320 242 2349 106
264 2319 340 2361 φάτ’
359 2319 571 2361 ἐπευχόμενος
588 2324 613 2350 h
625 2320 670 2351 OG
684 2319 730 2350 U3
741 2321 790 2350 Ve
808 2320 899 2351 Eust.
1097 2330 1157 2359 109
1181 2320 1255 2361 ὄρσε
1271 2324 1293 2351 1ο
1304 2330 1328 2357 g·
1344 2322 1386 2353 al,
1404 2333 1410 2351 τ

95 2362 185 2403 ὄρσεο
201 2373 267 2395 em
283 2363 334 2394 Ve
350 2362 390 2394 al.
531 2374 542 2393 1
553 2373 592 2394 10
615 2366 722 2402 ὤμοιϊν
740 2362 797 2394 Ρ12
812 2363 862 2393 Ve
