1660 2802
684 141 719 174 6.
798 136 1054 174 ΙΑΙΑΔΟΣ
1101 138 1132 174 Ζ

236 240 256 290 ἡ
284 239 316 279 δ’
342 239 448 279 ἕτεκε
473 239 559 290 τρία
584 237 701 278 τέκνα
728 238 911 290 δαΐφρονι
940 239 1259 296 Βελλεροφόντῃ,

230 306 439 357 Ἴσανδρόν
464 322 506 346 τε
533 306 594 345 καὶ
618 305 862 358 Ἱππόλοχον
891 307 953 345 καὶ
983 305 1243 356 Λαοδάμειαν.

235 373 459 427 Λαοδαμείῃ
485 374 556 423 μὲν
583 371 829 423 παρελέξατο
854 372 1023 423 μητίετα
1049 372 1159 418 Ζεύς,

236 439 256 488 ἡ
284 438 315 478 δ’
343 438 442 479 ἔτεκ’
468 439 647 478 ἀντίθεον
675 438 910 490 Σαρπηδόνα
939 438 1281 491 χαλκοκορυστήν.

235 505 325 544 ἀλλ’
352 504 416 544 ὅτε
442 505 486 554 δὴ
514 505 575 544 καὶ
603 508 726 545 κεῖνος
753 504 959 558 ἀπήχθετο
987 508 1086 545 πᾶσι
1111 508 1275 552 θεοῖσιν,

234 570 320 621 ἤτοι
345 573 364 610 ὁ
391 573 467 611 κὰπ
493 571 626 611 πεδίον
650 571 695 610 τὸ
721 570 886 621 Ἀλήϊον
913 571 996 613 οἶος
1023 573 1162 618 ἀλᾶτο,

235 637 280 677 δν
306 638 426 688 θυμὸν
453 636 635 683 κατέδων,
664 637 789 678 πάτον
815 638 1030 689 ἀνθρώπων
1061 639 1265 679 ἀλεείνων·

231 703 439 755 Ἴσανδρον
465 703 508 744 δέ
533 706 568 743 οἱ
593 704 676 744 υἱὸν
696 703 820 755 ’Ἄρης
846 705 937 745 ἆτος
968 704 1159 755 πολέμοιο

235 770 481 822 μαρνάμενον
508 771 725 821 Σολύμοισι
752 770 962 811 κατέκτανε
990 772 1251 822 κυδαλίμοισι·

235 836 305 886 τὴν
330 839 371 877 δὲ
396 836 662 890 χολωσαμένη
689 836 901 890 χρυσήνιος
922 836 1107 889 ’Ἄρτεμις
1133 837 1238 877 ἔκτα.

501 903 530 916 α)
562 904 575 917 »l
606 903 614 917 ³
647 903 660 917 Ἰ

1502 520 1566 542 200

1503 850 1565 881 205

234 903 473 956 Ἱππόλοχος
498 913 517 942 ο
556 921 603 953 εμ
642 920 778 949 ετικτε,
810 904 871 943 καὶ
897 905 938 944 ἐκ
963 908 1032 944 τοῦ
1058 910 1159 956 φημι
1184 902 1382 956 γενέσθαι·

237 969 364 1020 πέμπε
390 969 431 1009 δέ
455 970 494 1020 μ’
521 971 559 1011 ἐς
584 971 744 1021 Τροίην,
775 972 839 1010 καί
864 987 929 1021 μοι
953 969 1062 1020 μάλα
1086 971 1203 1011 πόλλ’
1232 969 1458 1017 ἐπέτελλεν,

236 1037 318 1075 αἰὲν
345 1036 565 1087 ἀριστεύειν
592 1037 652 1076 καὶ
679 1038 889 1090 ὑπείροχον
915 1037 1076 1088 ἔμμεναι
1101 1037 1247 1083 ἄλλων,

235 1104 330 1152 μηδὲ
356 1102 470 1154 γένος
495 1102 674 1154 πατέρων
700 1103 952 1155 αἰσχυνέμεν,
980 1104 1015 1144 οἳ
1040 1103 1127 1156 μέγ’
1153 1103 1308 1158 ἄριστοι

236 1169 277 1209 ἕν
302 1168 333 1208 τ’
360 1168 514 1224 Ἐφύρῃ
540 1169 724 1220 ἐγένοντο
751 1170 813 1209 καὶ
839 1171 880 1209 ἐν
905 1171 1027 1226 Λυκίῃ
1055 1171 1195 1226 εὐρείῃ.

235 1235 376 1285 ταύτης
400 1252 460 1275 τοι
485 1238 621 1286 γενεῆς
646 1253 688 1276 τε
715 1236 777 1275 καὶ
803 1237 964 1286 αἵματος
991 1237 1154 1290 εὔχομαι
1180 1236 1317 1278 εἶναι.”

297 1300 375 1342 ὸΩς
401 1300 517 1353 φάτο,
545 1301 721 1353 γήθησεν
747 1304 786 1342 δὲ
813 1302 916 1353 βοὴν
941 1303 1087 1355 ἀγαθὸς
1114 1302 1326 1354 Διομήδης·

236 1367 354 1421 ἔγχος
378 1370 448 1418 μὲν
476 1367 690 1418 κατέπηξεν
716 1369 780 1408 ἐπὶ
806 1370 919 1421 χθονὶ
945 1371 1247 1426 πουλυβοτείρῃ,

236 1435 356 1485 αὐτὰρ
382 1435 401 1473 ὁ
425 1435 662 1487 μειλιχίοισι
686 1435 892 1486 προσηύδα
918 1435 1085 1487 ποιμένα
1110 1440 1232 1477 λαῶν·

238 1503 262 1517 “
280 1500 303 1551 ἦ
325 1499 374 1551 ῥά
400 1500 446 1540 νύ
469 1518 534 1551 μοι
558 1499 684 1551 ξεῖνος
710 1502 903 1552 πατρώϊός
931 1503 1024 1542 ἐσσι
1050 1503 1231 1544 παλαιός·

236 1566 378 1608 Οἰνεὺς
403 1566 477 1619 γάρ
502 1583 596 1607 ποτε
621 1570 701 1608 δῖος
727 1567 906 1618 ἀμύμονα
936 1569 1266 1621 Βελλεροφόντην

236 1632 377 1682 ξείνισ’
404 1634 460 1673 ἐνὶ
484 1632 717 1685 μεγάροισιν
743 1635 912 1675 ἐείκοσιν
940 1634 1054 1686 ἤματ’
1080 1634 1229 1687 ἐρύξας·

236 1701 271 1739 οἱ
297 1701 338 1740 δὲ
365 1699 427 1739 καὶ
452 1698 668 1749 ἀλλήλοισι
693 1701 814 1752 πόρον
843 1698 992 1751 ξεινήϊα
1017 1701 1131 1742 καλά·

236 1766 377 1806 Οἰνεὺς
401 1768 473 1815 μὲν
501 1766 679 1818 ζωστῆρα
703 1768 810 1806 δίδου
841 1768 989 1819 φοίνικι
1015 1770 1192 1820 φαεινόν,

238 1833 563 1884 Βελλεροφόντης
588 1834 628 1872 δὲ
653 1833 826 1885 χρύσεον
852 1832 973 1876 δέπας
999 1835 1314 1887 ἀμφικύπελλον,

238 1899 304 1938 καί
323 1915 391 1948 μιν
416 1899 493 1949 ἐγὼ
521 1897 753 1940 κατέλειπον
781 1900 849 1940 ἰὼν
875 1902 917 1942 ἐν
943 1901 1091 1952 δώμασ’
1118 1903 1261 1953 ἐμοῖσι.

477 1964 485 1977 5

235 1963 363 2004 Τυδέα
389 1964 420 2003 δ’
446 1982 489 2003 ου
513 1965 721 2016 μέμνημαι,
752 1967 842 2008 ἐπεί
862 1966 901 2017 μ’
927 1967 985 2007 ἔτι
1009 1968 1149 2009 τυτθὸν
1175 1970 1291 2009 ἐόντα

238 2030 413 2082 κάλλιφ’,
442 2030 496 2069 ὅτ’
523 2033 564 2071 ἐν
591 2031 784 2089 Θήβῃσιν
812 2033 993 2074 ἀπώλετο
1020 2034 1117 2077 λαὸς
1140 2034 1326 2088 Ἀχαιῶν.

236 2100 289 2135 τῶ
315 2100 381 2136 νῦν
407 2097 472 2136 σοὶ
497 2100 569 2147 μὲν
595 2100 670 2151 ἐγὼ
698 2099 825 2150 ξεῖνος
854 2102 972 2153 φίλος
991 2100 1132 2152 ’Ἄργεϊ
1155 2099 1294 2154 μέσσῳ

237 2164 327 2212 εἰμί,
356 2163 406 2203 σὺ
431 2162 462 2202 δ’
489 2165 531 2203 ἐν
557 2167 692 2222 Λυκίῃ,
722 2168 786 2206 ὅτε
813 2184 879 2207 κεν
903 2171 980 2207 τῶν
1006 2169 1128 2218 δῆμον
1152 2168 1306 2218 ἵκωμαι.

238 2229 358 2282 ἔγχεα
384 2229 414 2269 δ’
442 2230 631 2280 ἀλλήλων
657 2233 864 2284 ἀλεώμεθα
890 2233 951 2273 καὶ
976 2233 1023 2273 δι’
1049 2234 1201 2284 ὁμίλου·

283 2337 347 2357 200
373 2328 446 2359 ἀλλ’
467 2327 520 2359 ὅτε
538 2327 593 2367 δὴ]
612 2329 709 2369 αὐτὰρ
727 2329 795 2360 ἐπεὶ
814 2326 916 2358 Arist.
941 2327 1048 2358 Probl.
1069 2337 1132 2366 953
1150 2338 1167 2357 a
1185 2337 1226 2366 23

241 2373 352 2411 ανδρων
370 2370 477 2401 Strab-
499 2380 573 2409 573,
592 2371 651 2408 631
758 2380 821 2409 225
845 2371 923 2411 τῶν]
943 2372 1000 2403 τὸν
1017 2370 1128 2401 ch⁶
1141 2369 1200 2401 v15
1221 2370 1261 2400 al.

240 2413 297 2444 Ar.
319 2417 401 2444 ade
412 2424 448 2444 m
460 2413 490 2443 A
503 2414 528 2444 C
542 2413 586 2445 T:
614 2414 730 2454 ἔγχεσι
748 2413 828 2445 Zen.
850 2414 936 2453 vulg.
1031 2414 1194 2452 ἀλλήλους
1211 2413 1291 2445 Zen.

1504 1185 1567 1207 210

1505 1518 1564 1549 215

1502 1851 1517 1872 b)

1524 1850 1539 1872 Ν

1543 1851 1563 1873 0

1500 2180 1560 2210 225

1381 2337 1445 2367 203
1469 2329 1562 2359 Πείσ-

1374 2371 1438 2401 226
1461 2370 1563 2412 ἔγχεα
