1624 2802
559 118 617 152 11.
690 112 948 150 ΙΛΙΑΔΟΣ
997 113 1030 150 Α

132 215 219 267 ἤτοι
243 217 263 255 ὁ
288 214 547 268 Ἰφιδάμαντα
573 216 813 267 κασίγνητον
840 217 902 256 καὶ
926 218 1098 268 ὄπατρον

133 283 224 322 ἕλκε
247 282 366 324 ποδὸς
389 282 560 333 μεμαώς,
590 283 651 322 καὶ
676 281 783 322 ἀΰτει
808 281 957 323 πάντας
982 282 1178 333 ἀρίστους·

133 348 201 389 τὸν
226 348 258 388 δ’
283 348 435 389 ἕλκοντ’
461 348 520 389 ἀν’
547 349 688 398 ὅμιλον
713 347 775 388 ὑπ’
801 349 969 390 ἀσπίδος
993 347 1284 400 ὀμφαλοέσσης

133 415 277 466 οὔτησε
300 412 428 470 ξυστῷ
454 413 659 468 χαλκήρεϊ,
687 418 787 454 λῦσε
813 417 853 455 δὲ
879 418 981 467 γυῖα·

132 485 213 522 τοῖο
237 480 270 521 δ’
297 480 355 522 ἐπ’
379 480 627 533 Ἰφιδάμαντι
653 480 749 533 κάρη
776 480 956 533 ἀπέκοψε
980 480 1197 533 παραστάς.

133 547 212 588 ἔνθ’
236 546 472 601 Ἀντήνορος
496 549 576 590 υἷες
600 547 665 588 ὑπ’
690 546 870 604 Ἀτρεΐδῃ
895 549 1066 598 βασιλῆϊ

132 614 281 665 πότμον
305 613 610 665 ἀναπλήσαντες
635 614 723 655 ἔδυν
748 614 868 665 δόμον
887 613 1023 655 ’Ἄϊδος
1048 615 1156 654 εἵσω.

199 680 329 733 Αὐτὰρ
353 682 373 721 ὁ
398 685 474 722 τῶν
500 681 635 722 ἄλλων
662 682 905 722 ἐπεπωλεῖτο
931 681 1072 733 στίχας
1097 680 1246 732 ἀνδρῶν

132 747 245 801 ἔγχεΐ
265 747 299 788 τ’
323 747 413 799 ἄορί
435 765 478 789 τε
501 747 722 800 μεγάλοισί
742 764 784 788 τε
808 747 1094 800 χερμαδίοισιν,

132 815 237 866 ὄφρα
261 816 297 855 οἱ
323 814 402 865 αἷμ’
427 814 485 855 ἔτι
511 814 654 866 θερμὸν
679 813 870 864 ἀνήνοθεν
895 812 941 863 ἐξ
963 813 1139 863 ὠτειλῆς.

132 879 251 932 αὐτὰρ
278 882 362 922 ἐπεὶ
387 880 431 921 τὸ
455 883 527 932 μὲν
554 882 669 923 ἕλκος
693 880 890 932 ἐτέρσετο,
918 880 1098 921 παύσατο
1124 879 1155 919 δ’
1181 880 1287 930 αἷμα,

132 947 256 998 ὀξεῖαι
279 947 312 988 δ’
336 948 470 989 ὀδύναι
496 951 612 989 δῦνον
636 947 752 999 μένος
776 946 991 999 Ἀτρεΐδαο.

133 1013 183 1056 ὡς
207 1013 239 1053 δ’
265 1013 321 1054 ὅτ’
347 1014 394 1056 ἂν
421 1014 642 1055 ὠδίνουσαν
667 1014 740 1070 ἔχῃ
765 1013 888 1064 βέλος
913 1012 982 1064 ὀξὺ
1007 1016 1184 1064 γυναῖκα,

132 1080 255 1132 δριμύ,
284 1081 329 1121 τό
354 1098 395 1122 τε
420 1085 595 1133 προϊεῖσι
620 1081 858 1133 μογοστόκοι
884 1081 1116 1125 Εἰλείθυιαι,

125 1144 256 1197 “Ηρης
282 1147 489 1199 θυγατέρες
516 1149 656 1200 πικρὰς
681 1147 820 1189 ὠδῖνας
845 1147 1022 1200 ἔχουσαι,

131 1213 182 1255 ὣς
206 1212 303 1264 ὀξεῖ’
331 1214 465 1255 ὀδύναι
490 1217 607 1255 δῦνον
631 1213 747 1265 μένος
773 1213 989 1265 Ἀτρεΐδαο.

131 1280 170 1321 ἐς
194 1280 336 1333 δίφρον
362 1280 394 1321 δ’
420 1281 628 1333 ἀνόρουσε,
658 1281 720 1321 καὶ
744 1280 890 1334 ἡνιόχῳ
917 1279 1107 1321 ἐπέτελλε

131 1346 270 1396 νηυσὶν
296 1347 361 1388 ἔπι
387 1353 645 1404 γλαφυρῇσιν
671 1346 898 1397 ἐλαυνέμεν·
935 1346 1080 1399 ἤχθετο
1105 1347 1179 1397 γαρ
1207 1347 1288 1396 κῆρ.

130 1412 252 1463 ἤϋσεν
275 1415 318 1454 δὲ
345 1414 579 1465 διαπρύσιον
606 1417 803 1454 Δαναοῖσι
827 1413 1022 1465 γεγωνώς·

133 1478 203 1520 “33
228 1481 354 1531 φίλοι,
383 1479 575 1532 Ἀργείων
601 1479 792 1532 ἡγήτορες
817 1479 883 1528 ἠδὲ
908 1478 1105 1529 μέδοντες,

130 1547 237 1596 ὑμεῖς
261 1549 332 1597 μὲν
358 1551 426 1587 νῦν
452 1547 592 1597 νηυσὶν
619 1546 785 1597 ἀμύνετε
808 1546 1089 1596 ποντοπόροισι

133 1613 306 1665 φύλοπιν
332 1612 545 1665 ἀργαλέην,
574 1612 659 1653 ἐπεὶ
685 1612 750 1651 οὐκ
777 1614 843 1662 ἐμὲ
868 1612 1030 1662 μητίετα
1056 1611 1154 1652 Ζεὺς

131 1680 240 1720 εἴασε
264 1680 451 1732 Τρώεσσι
477 1678 718 1731 πανημέριον
743 1677 1005 1728 πολεμίζειν.”

190 1744 269 1788 ἐκΩς
294 1746 423 1799 ἔφαθ’,
451 1747 612 1799 ἡνίοχος
640 1745 671 1785 δ’
697 1746 840 1796 ἵμασεν
865 1745 1122 1796 καλλίτριχας
1145 1743 1287 1783 ἵππους

130 1814 224 1863 νῆας
249 1812 313 1854 ἔπι
337 1812 558 1866 γλαφυράς·
597 1813 651 1852 τὼ
676 1811 707 1852 δ’
732 1811 799 1851 οὐκ
824 1811 983 1851 ἀέκοντε
1009 1809 1218 1859 πετέσθην·

130 1878 278 1931 ἄφρεον
304 1881 345 1920 δὲ
370 1878 530 1930 στήθεα,
557 1880 738 1931 ῥαίνοντο
765 1880 805 1918 δὲ
831 1877 943 1930 νέρθε
969 1877 1087 1932 κονίῃ,

129 1946 352 1997 τειρόμενον
376 1948 559 1997 βασιλῆα
583 1945 713 1998 μάχης
738 1944 932 1985 ἀπάνευθε
958 1943 1158 1996 φέροντες.

189 2011 346 2064 ’Έκτωρ
371 2012 404 2052 δ’
431 2013 481 2055 ὡς
506 2012 639 2063 ἐνόησ’
665 2010 944 2064 Ἀγαμέμνονα
969 2010 1093 2060 νόσφι
1117 2008 1262 2052 κιόντα,

127 2080 268 2129 Τρωσί
288 2096 330 2119 τε
356 2080 417 2120 καὶ
443 2080 647 2119 Λυκίοισιν
673 2077 855 2118 ἐκέκλετο
880 2076 1028 2128 μακρὸν
1055 2074 1190 2115 ἀΰσας·

132 2146 157 2161 “
172 2147 306 2197 Τρῶες
332 2146 394 2185 καὶ
418 2146 554 2186 Λύκιοι
581 2146 644 2185 καὶ
671 2144 870 2196 Δάρδανοι
895 2141 1179 2195 ἀγχιμαχηταί,

130 2210 264 2263 ἀνέρες
288 2211 392 2258 ἔστε,
421 2213 546 2264 φίλοι,
573 2211 783 2263 μνήσασθε
809 2212 850 2251 δὲ
875 2209 1050 2260 θούριδος
1075 2208 1209 2255 ἀλκῆς.

1395 749 1455 789 265

1394 1424 1409 1445 Ν

1415 1423 1454 1453 75

1392 1747 1453 1776 280

1390 2076 1449 2113 285

172 2307 235 2345 263
261 2306 348 2347 ἔδυν]
368 2306 446 2343 ἔβαν
463 2310 552 2344 0812
566 2306 592 2336 B
605 2307 631 2336 C
643 2306 669 2336 'l'
682 2305 724 2336 Vl
827 2307 885 2336 281
914 2304 1045 2337 ἀέκοντε
1062 2308 1076 2334 1
1093 2302 1169 2335 ΒΗ]ὖ
1183 2302 1229 2334 Mv¹
1246 2303 1291 2334 U-'
1304 2302 1427 2334 V1³V¹⁸
1445 2314 1451 2333 ε

127 2351 240 2382 ἄκοντε
258 2349 349 2389 vulg.
485 2351 548 2380 282
573 2350 701 2391 ῥαίνετο
718 2359 737 2380 c
754 2359 819 2380 om.
839 2348 874 2380 δὲ
