1670 2828
652 142 688 177 3.
760 134 1017 173 ΙΛΙΑΔΟΣ
1064 136 1093 172 Γ

204 238 351 294 μακρῇς
375 238 558 294 ἐγχείῃσι
581 236 832 291 μαχήσονται
857 238 944 289 περὶ
971 240 1069 278 σεῖο·

204 307 255 358 τῷ
281 303 323 344 δέ
350 321 390 345 κε
415 303 620 354 νικήσαντι
646 305 744 356 φίλη
772 302 946 360 κεκλήσῃ
971 302 1157 346 ἄκοιτις.”

266 369 345 412 Δ,Ως
370 371 535 411 εἰποῦσα
560 372 630 411 θεὰ
655 370 802 423 γλυκὺν
827 371 960 422 ἵμερον
985 370 1138 422 ἔμβαλε
1163 372 1268 426 θυμῷ

204 439 345 491 ἀνδρός
370 457 412 480 τε
438 438 626 491 προτέρου
654 439 715 479 καὶ
741 438 883 480 ἄστεος
908 438 978 489 ἠδὲ
1003 438 1168 490 τοκήων·
1191 446 1207 454 “

206 505 342 548 αὐτίκα
367 505 399 544 δ’
425 505 638 559 ἀργεννῇσι
665 502 923 555 καλυψαμένη
949 504 1137 559 ὀθόνῃσιν

207 571 350 624 ὡρμᾶτ’
376 572 418 611 ἐκ
444 570 637 621 θαλάμοιο
661 569 772 622 τέρεν
797 571 894 609 κατὰ
919 569 1037 621 δάκρυ
1060 568 1226 622 χέουσα,

206 638 274 678 οὐκ
298 639 372 687 οἵη,
399 636 478 687 ἅμα
502 642 549 693 τῇ
574 653 619 688 γε
646 637 708 677 καὶ
734 637 956 688 ἀμφίπολοι
981 636 1037 675 δύ’
1064 637 1217 682 ἕποντο,

208 706 344 755 Αἴθρη,
372 705 546 753 Πιτθῆος
571 702 754 755 θυγάτηρ,
784 702 968 753 Κλυμένη
994 719 1035 743 τε
1059 707 1225 753 βοῶπις·

207 771 310 822 αἶψα
335 769 366 809 δ’
392 769 514 810 ἔπειθ’
540 770 674 810 ἵκανον
699 770 760 809 ὅθι
786 769 924 809 Σκαιαὶ
949 769 1070 809 πύλαι
1096 768 1211 820 ἦσαν.

273 837 326 876 Οἱ
352 835 384 875 δ’
409 836 510 887 ἀμφὶ
536 837 717 888 Πρίαμον
745 836 806 876 καὶ
832 835 1016 876 Πάνθοον
1042 835 1109 885 ἠδὲ
1136 835 1337 886 Θυμοίτην

206 901 375 953 Λάμπον
399 919 441 942 τε
467 903 639 943 Κλυτίον
663 902 697 941 θ’
722 900 921 942 Ἱκετάονά
946 901 992 948 τ’,
1021 902 1110 952 ὄζον
1129 901 1289 953 ”Αρηος,

207 969 450 1021 Οὐκαλέγων
475 986 517 1009 τε
544 970 606 1009 καὶ
629 967 841 1020 Ἀντήνωρ,
868 968 1100 1019 πεπνυμένω
1125 968 1257 1021 ἄμφω,

206 1035 304 1086 ἥατο
329 1034 610 1087 δημογέροντες
635 1036 698 1075 ἐπὶ
725 1038 893 1091 Σκαιῇσι
918 1035 1082 1090 πύλῃσι,

207 1100 324 1153 γήραϊ
349 1101 394 1151 δὴ
421 1101 612 1152 πολέμοιο
637 1100 889 1152 πεπαυμένοι,
918 1101 1010 1141 ἀλλ’
1035 1101 1224 1153 ἀγορηταὶ

207 1169 359 1213 ἐσθλοί,
387 1169 637 1220 τεττίγεσσιν
663 1169 844 1214 ἐοικότες,
872 1168 911 1207 οἵ
932 1185 974 1208 τε
1000 1167 1084 1207 καθ’
1109 1169 1208 1217 ὕλην

208 1233 373 1288 δενδρέῳ
400 1234 629 1286 ἐφεζόμενοι
654 1236 730 1275 ὄπα
754 1235 1008 1286 λειριόεσσαν
1035 1235 1142 1274 ἱεῖσι·

207 1304 306 1340 τοῖοι
332 1300 404 1352 ἄρα
428 1301 574 1352 Τρώων
598 1299 787 1353 ἡγήτορες
812 1300 895 1350 ἧντ’
923 1301 986 1341 ἐπὶ
1010 1301 1158 1354 πύργῳ.

208 1369 243 1407 οἱ
269 1366 301 1406 δ’
328 1367 379 1408 ὡς
403 1367 470 1407 οὖν
496 1366 637 1407 εἴδονθ’
662 1366 831 1417 Ἑλένην
857 1368 920 1407 ἐπὶ
946 1367 1092 1419 πύργον
1118 1368 1268 1411 ἰοῦσαν,

208 1433 282 1484 ἧκα
307 1433 402 1485 πρὸς
427 1432 628 1483 ἀλλήλους
653 1433 748 1474 ἔπεα
772 1433 971 1485 πτερόεντ’
998 1433 1210 1487 ἀγόρευον-χ

210 1501 235 1517 “
252 1499 295 1539 οὐ
321 1499 480 1550 νέμεσις
503 1502 643 1550 Τρῶας
669 1500 730 1539 καὶ
755 1498 986 1549 ἐϋκνήμιδας
1011 1498 1197 1552 Ἀχαιοὺς

206 1565 326 1621 τοιῇδ’
353 1566 455 1617 ἀμφὶ
480 1567 633 1617 γυναικὶ
659 1565 785 1606 πολὺν
810 1566 955 1618 χρόνον
981 1565 1107 1617 ἄλγεα
1131 1565 1317 1618 πάσχειν·

207 1634 324 1673 αι’νῶς
348 1631 568 1687 ἀθανάτῃσι
594 1635 684 1689 θεῇς
709 1633 763 1673 εἷς
787 1630 874 1672 ὦπα
899 1631 1037 1672 ἔοικεν·

208 1700 313 1738 ἀλλὰ
339 1700 401 1738 καὶ
425 1699 476 1739 ὣς
500 1699 583 1748 τοίη
611 1715 681 1751 περ
708 1698 813 1738 ἐοῧσ’
840 1699 881 1739 ἐν
907 1699 1022 1749 νηυσὶ
1048 1698 1212 1743 νεέσθω,

206 1764 295 1815 μηδ’
319 1765 410 1815 ἡμῖν
434 1764 621 1805 τεκέεσσί
642 1765 675 1805 τ’
700 1766 859 1805 ὀπίσσω
884 1767 994 1815 πῆμα
1016 1764 1214 1805 λίποιτο.”

269 1829 348 1873 Ἳὶς
373 1831 432 1882 ἄρ’
458 1832 573 1883 ἔφαν,
601 1833 778 1883 Πρίαμος
804 1831 836 1871 δ’
855 1831 1031 1882 ,Ἑλένην
1056 1830 1308 1871 ἐκαλέσσατο
1332 1830 1458 1888 φωνῇ·

209 1900 233 1915 “
250 1901 362 1949 δεῦρο
387 1897 539 1949 πάροιθ’
566 1900 750 1944 ἐλθοῦσα,
778 1899 899 1949 φίλον
924 1897 1046 1944 τέκος,
1075 1898 1153 1948 ἵζευ
1178 1899 1296 1949 ἐμεῖο,

206 1966 311 2016 ὄφρα
335 1966 397 2020 ἴδῃ
422 1965 614 2016 πρότερόν
638 1981 679 2005 τε
705 1966 825 2005 πόσιν
849 1965 971 2015 πηούς
996 1982 1038 2005 τε
1063 1965 1206 2017 φίλους
1230 1981 1331 2005 ‘re—-

207 2031 251 2070 οὔ
276 2031 315 2070 τί
336 2047 401 2081 μοι
427 2032 528 2080 αἰτίη
556 2032 661 2077 ἐσσί,
690 2032 774 2071 θεοί
797 2032 842 2072 νύ
865 2048 932 2082 μοι
958 2032 1076 2071 αἴτιοί
1099 2033 1214 2076 εἰσιν,

207 2098 246 2137 οἵ
267 2113 333 2148 μοι
359 2097 602 2149 ἐφώρμησαν
628 2099 802 2149 πόλεμον
828 2098 1075 2150 πολύδακρυν
1101 2097 1336 2150 Ἀχαιῶν-

207 2164 259 2205 ὥς
282 2180 348 2214 μοι
374 2164 435 2203 καὶ
460 2164 563 2204 τόνδ’
589 2164 711 2217 ἄνδρα
737 2165 933 2216 πελώριον
958 2162 1209 2220 ἐξονομήνῃς,

1467 451 1529 482 140

1470 782 1528 813 145

1471 1112 1532 1143 150

1471 1444 1530 1475 ¹55

1472 1767 1533 1799 160

1472 2098 1531 2139 165

252 2266 312 2294 140
336 2256 489 2297 προτέρου
503 2255 552 2285 Ve
571 2255 662 2287 Eust.
678 2268 683 2287 ζ
712 2270 771 2288 -οιο
790 2261 853 2287 cet.
949 2265 1007 2295 144
1032 2256 1099 2287 ath.
1119 2255 1178 2286 Ar.
1274 2264 1334 2294 150
1357 2255 1451 2296 γήρεϊ
1466 2264 1495 2285 ν.
1509 2253 1530 2284 l.

205 2303 272 2330 ant.
294 2299 333 2339 (2)
517 2309 574 2337 152
600 2299 733 2340 δενδρέῳ
751 2299 809 2331 Ar.
831 2299 950 2331 codd.:
976 2298 1097 2341 δένδρει
1115 2298 1196 2330 Zen.
1217 2298 1273 2329 cit.
1296 2298 1394 2337 Diog.
1417 2298 1528 2328 Lae-rt.

206 2342 250 2373 iii.
270 2353 308 2381 9:
334 2341 450 2384 δένδρῳ
466 2346 492 2372 11
604 2342 745 2382 ἑζόμενοι
764 2342 839 2380 gal.
957 2352 1016 2382 155
1042 2342 1120 2383 ἧκα]
1138 2343 1204 2374 ὦκα
1221 2341 1303 2373 Zen.
1325 2342 1446 2372 Crates

211 2386 270 2424 158
295 2385 385 2426 ἐῴκει
404 2390 429 2416 h
447 2385 500 2416 cit.
522 2385 615 2416 Eust.
715 2388 774 2424 163
797 2388 848 2427 ἴδῃ
869 2385 929 2417 Ar.
949 2386 1125 2417 achiA:
1149 2388 1218 2428 ἴδῃς
1236 2385 1314 2416 Zen.
1335 2382 1534 2433 pssbdefg

208 2428 234 2458 B
250 2428 275 2459 C
288 2429 316 2459 T
334 2429 374 2459 al.
515 2430 573 2467 165
598 2430 752 2470 Ἀχαιῶν]
768 2429 884 2470 ’Ἄρηος
896 2427 941 2477 ᾩ3
