1670 2828
704 144 735 184 P
752 142 1117 186 RAEFATIO

254 259 345 293 erat
386 253 499 294 enim
542 253 774 297 Eustathio
813 255 942 309 plane
985 255 1360 310 ignota—recluso
1401 255 1577 297 tandem

250 321 546 364 bibliothecae
572 323 820 366 Marcianae
842 324 1044 366 thesauro
1065 323 1159 378 χθές
1189 341 1233 365 τε
1263 325 1326 365 καὶ
1355 323 1490 379 πρῴην
1511 321 1578 379 (ut

250 391 307 432 ita
331 391 487 445 dicam)
517 393 558 433 in
590 392 731 434 lucem
763 393 934 446 prolata
962 399 1038 434 est.
1101 393 1173 434 Sic
1205 394 1379 435 demum
1412 391 1576 433 civitati

249 460 430 514 contigit
452 461 776 514 antiquissimae
800 469 930 516 atque
952 462 1077 502 unice
1095 462 1365 516 antiquitatis
1382 461 1575 511 memori,

249 542 360 583 quae
382 530 621 572 litterarum
645 531 745 572 olim
776 540 925 586 portus
955 546 1004 573 ac
1032 531 1275 586 perfugium
1306 536 1409 582 erat,
1433 531 1577 571 Maso-

250 598 373 640 ram1
408 599 525 640 illam
565 600 775 642 Graecam
815 600 1075 654 reipublicae
1111 601 1339 642 doctorum
1375 605 1476 652 post
1512 605 1577 640 tot

250 668 419 710 saecula
450 669 701 710 reddidisse.

306 737 411 778 Alia
457 744 521 778 est
562 752 690 778 causa
742 751 916 791 prorsus
968 737 1186 779 dissimilis
1235 751 1309 778 cur
1350 737 1404 778 de
1450 743 1576 778 textu

250 806 430 846 Homeri
465 807 693 859 singularis
727 807 782 847 sit
816 807 1094 847 existimatio.
1174 806 1428 847 Ceterorum
1463 806 1575 845 enim

249 876 418 917 codices
459 889 483 916 a
525 875 635 916 libro
676 875 916 928 archetypo
957 876 1104 928 aliquo
1146 875 1395 916 derivantur
1443 874 1578 927 ipsius

250 951 403 998 poetae
442 958 572 984 manu
610 944 769 999 scripto
811 951 885 985 aut
921 944 1078 985 saltem
1121 950 1277 998 poetae
1317 943 1577 985 auctoritate

250 1013 499 1066 divulgato:
549 1013 730 1054 Homeri
770 1019 913 1054 aetate
946 1012 1172 1065 probabile
1208 1019 1271 1053 est
1303 1012 1469 1053 litteras
1503 1017 1577 1052 aut

250 1095 366 1123 raras
388 1088 462 1122 aut
486 1081 626 1123 nullas
648 1082 792 1132 fuisse,
809 1089 1016 1135 poemata
1034 1081 1284 1122 memoriter
1301 1094 1393 1122 esse
1410 1086 1579 1121 servata

250 1165 298 1192 ac
340 1158 593 1205 propagata,
634 1165 718 1192 non
762 1151 997 1192 scribarum
1044 1164 1175 1204 opera
1226 1151 1300 1190 sed
1353 1155 1577 1190 cantorum
1637 1151 1665 1156 ”

251 1220 667 1274 rhapsodorumque.
733 1220 849 1260 Hinc
885 1220 1045 1261 sactum
1082 1226 1146 1260 θεῖ
1180 1226 1227 1260 ut
1264 1217 1580 1270 discrepantiae

250 1289 291 1330 in
317 1290 497 1330 Homeri
520 1289 742 1330 codicibus
764 1290 914 1330 obviae
935 1302 1030 1329 eam
1055 1289 1225 1341 saepius
1247 1302 1349 1342 prae
1370 1300 1415 1328 se
1444 1286 1580 1327 ferant

250 1358 437 1413 speciem
461 1365 507 1399 ut
530 1371 615 1398 non
639 1371 695 1398 θΧ
720 1358 935 1399 erroribus
958 1357 1235 1398 scribentium
1258 1363 1389 1405 ortae,
1411 1356 1486 1395 sed
1505 1362 1580 1396 aut

251 1428 397 1482 lapsae
421 1427 656 1469 memoriae
680 1434 754 1468 aut
778 1442 913 1481 pravo
936 1428 1207 1468 recitantium
1235 1426 1415 1467 arbitrio
1432 1424 1579 1467 deberi

250 1497 491 1538 videantur.
526 1497 593 1537 Ita
617 1497 748 1537 etiam
773 1511 828 1537 ex
853 1497 1039 1538 dialecto
1063 1497 1337 1538 iudicandum
1360 1502 1432 1536 est.
1468 1494 1579 1535 Fieri

250 1579 337 1607 non
360 1565 501 1620 potuit
524 1566 627 1619 quin
655 1565 801 1619 lingua
833 1567 1071 1619 priscorum
1104 1572 1268 1616 vatum,
1292 1579 1402 1618 quae
1435 1564 1582 1617 lingua

255 1634 357 1676 olim
390 1635 568 1687 vulgare
600 1642 691 1675 erat
725 1634 941 1687 eloquium
977 1635 1199 1675 universae
1232 1634 1452 1684 Graeciae,
1475 1647 1582 1686 pau-

254 1704 376 1744 latim
427 1704 481 1744 ad
541 1704 744 1744 seriorem
797 1704 1001 1745 orationis
1051 1717 1249 1746 normam
1292 1717 1316 1743 a
1358 1702 1582 1757 rhapsodis

255 1779 509 1813 mutaretur.
574 1773 706 1826 Quod
743 1773 775 1813 si
812 1786 896 1814 non
928 1774 1037 1814 adeo
1069 1773 1242 1815 difficile
1275 1779 1337 1813 est
1359 1773 1580 1813 scribenti-

253 1842 335 1882 bus
373 1841 638 1894 exemplaris
681 1841 743 1881 sui
787 1841 1074 1882 litteraturam
1114 1842 1245 1894 sequi,
1282 1848 1327 1882 at
1364 1847 1580 1894 nequeunt

255 1911 484 1952 recitantes
522 1911 768 1951 obsoletum
808 1924 972 1958 sonum.
1010 1911 1232 1952 obsoletos
1271 1909 1580 1951 vocabulorum

255 1986 459 2020 accentus
482 1992 650 2019 servare
673 1992 720 2018 ac
744 1979 964 2032 discipulis
986 1981 1167 2020 tradere.
1215 1979 1332 2019 Inter
1348 1978 1580 2019 dialectum

256 2049 385 2103 igitur
408 2062 519 2102 quae
543 2048 805 2088 carminibus
827 2049 1000 2102 propria
1019 2055 1109 2089 erat
1127 2048 1230 2089 dum
1250 2047 1441 2088 novitate
1463 2059 1580 2087 com-

255 2118 463 2159 mendata
501 2130 577 2170 per
611 2131 684 2158 ora
717 2117 944 2159 homiuum
978 2117 1221 2158 volitabant
1252 2123 1381 2170 atque
1412 2115 1580 2170 epicam

298 2235 308 2253 ¹
333 2234 433 2265 Wo1s
445 2234 547 2265 Proll.
568 2245 599 2273 p.
620 2234 676 2264 xiv
695 2236 701 2250 ‘
717 2234 807 2273 Ergo
832 2234 988 2264 desinant
1011 2234 1192 2274 aliquando
1210 2232 1436 2265 Orientalium
1459 2233 1583 2264 littera-

256 2288 330 2309 rum
360 2278 523 2317 magistri,
552 2278 690 2308 Masora
718 2288 778 2308 sua
807 2278 955 2317 superbi,
981 2277 1096 2308 dolere
1120 2278 1290 2308 fortunam
1314 2282 1474 2308 nostram.
1501 2300 1508 2308 .
1536 2301 1544 2309 .
1573 2300 1581 2308 .

257 2322 436 2353 Habemus
460 2331 561 2360 nunc,
585 2322 611 2351 si
641 2322 752 2352 omnia
781 2322 929 2360 undique
958 2327 1117 2362 excerpta
1146 2322 1388 2361 componimus,
1414 2321 1581 2352 Masoram

257 2367 357 2397 etiam
381 2366 544 2396 Graecam
565 2366 744 2404 quandam,
762 2370 831 2395 tum
849 2370 1027 2403 vetustate,
1045 2370 1115 2395 tum
1132 2365 1244 2396 variae
1267 2365 1465 2396 eruditionis
1487 2365 1583 2405 copia

258 2410 365 2441 multo
384 2410 673 2450 praestantiorem,
692 2409 864 2448 multoque
882 2408 1000 2439 melius
1017 2409 1208 2440 servatam)

901 2463 933 2499 vi
