1660 2802
660 142 695 175 5.
769 136 1027 173 ΙΛΙΑΔΟΣ
1077 138 1108 174 Ε

220 237 242 286 ἡ
266 239 336 287 μὲν
363 236 513 289 ἔχουσα
539 237 734 287 Κυδοιμὸν
759 236 921 278 ἀναιδέα
947 241 1162 290 δηϊοτῆτος,

214 301 336 353 ’Ἄρης
362 302 394 342 δ’
421 304 462 343 ἐν
488 303 696 359 παλάμῃσι
721 304 917 356 πελώριον
942 305 1061 358 ἔγχος
1087 307 1228 356 ἐνώμα,

220 369 341 420 φοίτα
364 369 397 408 δ’
423 369 570 410 ἄλλοτε
594 371 664 419 μὲν
690 370 832 421 πρόσθ’
853 369 1058 423 ”Εκτορος,
1085 372 1223 413 ἄλλοτ’
1248 375 1404 415 ὄπισθε.

284 434 365 475 Τὸν
390 438 431 475 δὲ
457 436 548 475 ἰδὼν
572 436 713 487 ῥίγησε
736 436 840 486 βοὴν
865 437 1012 489 ἀγαθὸς
1039 438 1251 489 Διομήδης·

221 501 271 542 ὡς
297 501 330 540 δ’
355 501 411 541 ὅτ’
437 501 532 553 ἀνὴρ
559 501 801 552 ἀπάλαμνος,
831 504 899 543 ἰὼν
924 502 1068 546 πολέος
1093 506 1254 553 πεδίοιο,

219 566 319 622 στήῃ
346 567 404 606 ἐπ’
431 568 584 622 ὠκυρόῳ
611 573 771 623 ποταμῷ
798 570 921 610 ἅλαδε
946 569 1165 623 προρέοντι,

217 634 328 688 ἀφρῷ
353 635 600 686 μορμύροντα
627 636 730 682 ἰδών,
760 635 834 676 ἀνά
858 636 892 676 τ’
918 636 1050 688 ἔδραμ’
1075 639 1246 685 ὀπίσσω,

218 700 268 741 ὣς
293 701 379 740 τότε
403 700 591 751 Τυδείδης
618 701 843 754 ἀνεχάζετο,
871 701 956 743 εἶπέ
981 720 1022 744 τε
1046 708 1144 759 λαῷ·

220 769 244 783 “
262 764 290 806 ὦ
317 768 441 819 φίλοι,
470 768 552 808 οῖον
579 768 623 818 δὴ
652 769 896 820 θαυμάζομεν
914 768 1091 822 θΈκτορα
1116 774 1200 812 δῖον

217 832 413 886 αἰχμητήν
438 833 471 873 τ’
498 835 630 885 ἔμεναι
658 836 719 875 καὶ
747 836 972 887 θαρσαλέον
998 837 1254 888 πολεμιστήν·

217 903 268 953 τῷ
295 899 327 939 δ’
353 901 428 941 αἰεὶ
454 900 557 953 πάρα
585 902 639 943 εἷς
665 919 709 953 γε
736 905 849 948 θεῶν,
877 902 919 944 ὃς
944 904 1084 956 λοιγὸν
1111 905 1261 955 ἀμύνει·

219 967 280 1006 καὶ
306 970 373 1007 νῦν
399 969 434 1007 οἱ
461 967 565 1019 πάρα
592 972 718 1010 κεῖνος
739 968 875 1021 ’Άρης,
902 974 1033 1024 βροτῷ
1060 971 1170 1022 ἀνδρὶ
1196 971 1342 1013 ἐοικώς.

217 1033 323 1072 ἀλλὰ
348 1034 443 1084 πρὸς
467 1037 604 1086 Τρῶας
631 1035 890 1086 τετραμμένοι
916 1038 999 1076 αἰὲν
1024 1037 1182 1077 ὀπίσσω

217 1100 351 1145 εἴκετε,
378 1103 475 1150 μηδὲ
501 1103 604 1143 θεοῖς
630 1102 882 1152 μενεαινέμεν
907 1103 971 1154 ἶφι
995 1102 1232 1156 μάχεσθαι.”

279 1164 358 1207 ιχΩς
384 1166 441 1218 ἄρ’
468 1168 559 1219 ἔφη,
587 1171 721 1219 Τρῶες
748 1170 788 1208 δὲ
812 1168 921 1219 μάλα
947 1169 1095 1222 σχεδὸν
1120 1170 1267 1221 ἤλυθον
1292 1170 1431 1212 αὐτῶν.

217 1231 295 1272 ἕνθ’
315 1231 470 1284 ’Ἐκτωρ
497 1234 563 1273 δύο
591 1238 699 1285 φῶτε
727 1234 959 1276 κατέκτανεν
985 1237 1109 1277 εἰδότε
1134 1236 1298 1289 χάρμης,

216 1300 272 1338 εἰν
298 1300 354 1339 ἑνὶ
380 1301 505 1354 δίφρῳ
534 1301 653 1346 ἐόντε,
684 1301 896 1352 Μενέσθην
923 1302 1143 1356 Ἀγχίαλόν
1168 1321 1222 1344 τε.

216 1366 268 1404 τὼ
294 1368 334 1405 δὲ
362 1366 521 1406 πεσόντ’
549 1366 692 1416 ἐλέησε
717 1367 841 1420 μέγας
865 1370 1121 1419 Τελαμώνιος
1146 1372 1256 1412 Αἴας·

217 1434 290 1481 στῆ
317 1434 357 1472 δὲ
382 1431 475 1482 μάλ’
502 1433 618 1485 ἐγγὺς
647 1434 727 1479 ἰών,
758 1435 820 1474 καὶ
845 1435 1030 1476 ἀκόντισε
1057 1437 1163 1487 δουρὶ
1188 1441 1351 1491 φαεινῷ,

217 1499 279 1538 καὶ
303 1498 432 1548 βάλεν
452 1498 644 1551 ’[Αμφιον,
673 1501 853 1552 Σελάγου
877 1503 972 1548 υἱόν,
1001 1503 1043 1543 ὅς
1066 1502 1106 1554 ῥ’
1133 1504 1189 1543 ἐνὶ
1216 1506 1359 1557 Παισῷ

215 1567 298 1604 ναῖε
322 1564 585 1615 πολυκτήμων
611 1566 841 1617 πολυλήϊος·
879 1568 986 1608 ἀλλά
1011 1571 1028 1609 ἑ
1054 1572 1170 1620 μοῖρα

215 1629 277 1682 ἦγ’
303 1631 614 1683 ἐπικουρήσοντα
639 1635 736 1683 μετὰ
763 1635 945 1685 Πρίαμόν
971 1652 1013 1675 τε
1039 1637 1101 1675 καὶ
1125 1637 1222 1677 υἶας.

214 1698 282 1737 τόν
305 1699 354 1749 ῥα
381 1700 478 1737 κατὰ
506 1699 686 1750 ζωστῆρα
711 1699 841 1750 βάλεν
866 1702 1121 1751 Τελαμώνιος
1147 1705 1256 1748 Αἴας,

214 1765 361 1820 νειαίρῃ
388 1764 420 1803 δ’
449 1766 490 1805 ἐν
516 1768 658 1818 γαστρὶ
684 1766 789 1818 πάγη
817 1769 1074 1820 δολιχόσκιον
1100 1770 1230 1822 ἔγχος,

213 1831 409 1880 δούπησεν
436 1834 477 1871 δὲ
502 1833 648 1872 πεσών·
687 1834 706 1871 ὁ
732 1833 764 1873 δ’
790 1834 983 1886 ἐπέδραμε
1009 1836 1194 1887 φαίδιμος
1220 1837 1318 1878 Αἴας

214 1897 355 1950 τεύχεα
382 1897 584 1948 συλήσων·
623 1903 757 1950 Τρῶες
782 1900 813 1940 δ’
840 1901 903 1940 ἐπὶ
928 1901 1082 1952 δούρατ’
1107 1903 1249 1954 ἔχευαν

213 1962 305 2014 ὀξέα
328 1966 639 2016 παμφανόωντα·
679 1966 800 2008 σάκος
825 1967 857 2006 δ’
884 1967 1094 2018 ἀνεδέξατο
1119 1968 1262 2009 πολλά.

213 2029 332 2082 αὐτὰρ
359 2032 378 2070 ὁ
403 2030 482 2081 λὰξ
505 2035 688 2082 προσβὰς
714 2034 755 2072 ἐκ
780 2038 917 2085 νεκροῦ
942 2033 1115 2087 χάλκεον
1141 2035 1260 2088 ἔγχος

213 2096 429 2137 ἐσπάσατ’·
468 2098 547 2138 οὐδ’
573 2099 631 2150 ἄρ’
658 2100 710 2139 ἔτ’
737 2099 842 2140 ἄλλα
868 2099 1063 2150 δυνήσατο
1089 2101 1232 2155 τεύχεα
1259 2103 1358 2142 καλὰ

213 2163 348 2213 ὤμοιιν
373 2164 610 2215 ἀφελέσθαι·
649 2168 829 2218 ἐπείγετο
856 2169 930 2219 γὰρ
955 2167 1165 2218 βελέεσσι.

212 2233 319 2270 δεῖσε
345 2230 377 2270 δ’
403 2231 425 2270 ὅ
448 2230 485 2282 γ’
513 2232 743 2283 ἀμφίβασιν
771 2233 959 2286 κρατερὴν
983 2235 1130 2285 Τρώων
1155 2234 1382 2287 ἀγερώχων,

211 2297 246 2336 οἳ
271 2298 420 2337 πολλοί
441 2315 482 2337 τε
510 2299 571 2338 καὶ
598 2300 735 2339 ἐσθλοὶ
761 2300 997 2353 ἐφέστασαν
1023 2300 1130 2354 ἔγχε’
1156 2301 1328 2354 ἔχοντες,

1480 389 1542 420 595

1481 711 1544 743 600

1479 1043 1542 1083 605

1480 1374 1543 1407 610

1477 1708 1538 1748 615

1470 2039 1534 2070 620

253 2390 317 2428 609
344 2392 512 2428 Μενεσθῆν
528 2390 584 2421 ΛΓ.
604 2404 607 2420 ;
636 2391 807 2430 Μενέστην
825 2403 852 2423 v,
868 2393 885 2423 1.
907 2398 973 2423 ant.
1104 2394 1168 2423 612
1192 2397 1300 2434 Παισῷ
1318 2393 1359 2425 cf.
1379 2397 1402 2424 B
1418 2393 1482 2425 828
