1629 2828
534 150 569 183 3.
641 144 899 180 ΙᾹΙΑΔΟΣ
943 145 973 180 Γ

94 245 226 288 ἀσπίδ’
252 246 307 287 ἐνὶ
333 251 510 302 κρατερῇ·
548 246 567 285 ὁ
593 248 635 286 δὲ
659 246 838 297 δεύτερον
863 246 1011 298 ὤρνυτο
1034 250 1172 301 χαλκῷ

95 312 291 364 Ἀτρεΐδης
316 311 525 354 Μενέλαος
550 311 811 362 ἐπευξάμενος
837 312 906 352 Διὶ
930 314 1060 363 πατρί·
1350 327 1413 357 350

97 382 121 398 “
137 381 213 419 Ζεῦ
236 377 320 423 ἄνα,
348 377 412 419 δὸς
435 378 648 418 τείσασθαι
671 379 693 417 ὅ
715 395 764 429 με
787 378 975 430 πρότερος
999 378 1083 418 κάκ’
1109 378 1233 431 ἔοργε,

94 448 177 486 δῖον
199 442 476 494 Ἀλέξανδρον,
504 444 566 484 καὶ
591 445 685 500 ἐμῇς
708 444 783 484 ὑπὸ
808 445 925 497 χερσὶ
950 444 1172 494 δάμασσον,

96 513 200 563 ὄφρα
223 527 281 552 τις
306 511 485 566 ἐρρίγῃσι
512 511 573 550 καὶ
598 510 803 562 ὀψιγόνων
828 511 1044 561 ἀνθρώπων

96 576 315 629 ξεινοδόκον
341 578 439 616 κακὰ
458 575 583 628 ῥέξαι,
610 577 632 615 ὅ
659 593 723 617 κεν
748 577 944 628 φιλότητα
968 576 1197 633 παράσχῃ.”

153 642 211 682 5H
234 643 294 696 ῥα,
324 642 385 682 καὶ
411 643 654 694 ἀμπεπαλὼν
678 642 806 694 προΐει
829 643 1086 696 δολιχόσκιον
1111 643 1243 697 ἔγχος,
1352 657 1412 687 355

97 710 158 750 καὶ
181 708 286 761 βάλε
310 710 532 760 Πριαμίδαο
558 708 641 749 κατ’
668 710 816 749 ἀσπίδα
839 708 1007 749 πάντοσ’
1032 708 1158 759 ἐΐσην·

97 777 157 816 διὰ
179 777 252 826 μὲν
275 775 441 816 ἀσπίδος
467 774 564 826 ἦλθε
590 777 755 827 φαεινῆς
780 777 948 827 ὄβριμον
971 775 1103 828 ἔγχος,

98 842 159 882 καὶ
182 843 246 881 διὰ
269 842 442 892 θώρηκος
463 841 757 882 πολυδαιδάλου
779 840 1001 892 ἠρήρειστο·

96 907 251 959 ἀντικρὺ
275 909 316 947 δὲ
341 908 460 956 παραὶ
483 907 665 958 λαπάρην
690 907 858 957 διάμησε
881 911 1030 960 χιτῶνα

97 974 226 1026 ἔγχος·
263 974 284 1012 ὁ
308 972 339 1012 δ’
366 975 524 1023 ἐκλίνθη
552 974 612 1014 καὶ
638 974 806 1013 ἀλεύατο
832 976 928 1025 κῆρα
951 973 1155 1024 μέλαιναν.
1354 976 1415 1015 360

98 1039 296 1092 Ἀτρείδης
319 1041 362 1080 δὲ
385 1039 655 1090 ἐρυσσάμενος
678 1038 794 1091 ξίφος
819 1040 1063 1091 ἀργυρόηλον

98 1103 246 1155 πλῆξεν
269 1105 544 1158 ἀνασχόμενος
570 1106 730 1157 κόρυθος
754 1103 899 1156 φάλον·
936 1105 1038 1156 ἀμφὶ
1063 1104 1095 1144 δ’
1121 1104 1180 1156 ἄρ’
1206 1104 1307 1158 αὐτῷ

99 1169 238 1223 τριχθά
260 1187 303 1212 τε
328 1171 391 1210 καὶ
414 1173 609 1224 τετραχθὰ
634 1173 843 1222 διατρυφὲν
868 1171 1012 1211 ἔκπεσε
1036 1171 1180 1224 χειρός.

99 1236 299 1288 Ἀτρεΐδης
322 1236 358 1276 δ’
381 1235 539 1292 ᾤμωξεν
565 1238 654 1278 ἰδὼν
682 1239 737 1279 εἷς
761 1237 926 1289 οὐρανὸν
951 1236 1075 1288 εὐρύν·

102 1305 125 1321 “
143 1305 220 1343 Ζεῦ
240 1302 375 1354 πάτερ,
402 1303 447 1343 οὔ
469 1320 528 1345 τις
553 1307 638 1344 σεῖο
665 1306 763 1344 θεῶν
787 1304 1005 1355 ὀλοώτερος
1030 1302 1165 1345 ἄλλος·
1358 1306 1417 1346 365

101 1368 125 1419 ἦ
146 1368 179 1409 τ’
205 1368 361 1422 ἐφάμην
383 1370 596 1410 τείσασθαι
623 1369 888 1421 Ἀλέξανδρον
914 1370 1137 1419 κακότητος·

100 1438 167 1476 νῦν
191 1433 235 1476 δέ
256 1451 323 1488 μοι
346 1437 389 1476 ἐν
412 1436 620 1490 χείρεσσιν
645 1436 720 1488 ἄγη
746 1435 874 1488 ξίφος,
901 1437 943 1476 ἐκ
968 1435 1010 1476 δέ
1034 1453 1099 1486 μοι
1124 1435 1243 1488 ἔγχος

100 1501 216 1554 ἠΐχθη
242 1501 477 1553 παλάμηφιν
502 1503 681 1548 ἐτώσιον,
709 1502 789 1542 οὐδ’
815 1503 967 1553 ἔβαλόν
991 1501 1098 1552 μιν.”

159 1566 230 1614 φΗ,
258 1568 321 1608 καὶ
344 1566 506 1618 ἐπαΐξας
533 1569 693 1619 κόρυθος
718 1568 847 1619 λάβεν
873 1569 1143 1618 ἱπποδασείης,

102 1633 193 1675 ἕλκε
215 1633 248 1673 δ’
274 1633 521 1686 ἐπιστρέψας
545 1634 629 1685 μετ’
656 1633 885 1685 ἐϋκνήμιδας
910 1634 1108 1687 Ἀχαιούς·
1360 1646 1422 1677 370

103 1699 202 1753 ἄγχε
225 1699 265 1740 δέ
288 1717 357 1750 μιν
379 1701 625 1742 πολύκεστος
653 1702 741 1751 ἱμὰς
765 1700 923 1750 ἁπαλὴν
947 1700 1021 1740 ὑπὸ
1046 1698 1187 1751 δειρήν,

103 1766 145 1808 ὅς
167 1768 202 1806 οῖ
227 1766 291 1807 ὑπ’
317 1767 556 1818 ἀνθερεῶνος
581 1767 697 1820 ὀχεὺς
721 1766 860 1807 τέτατο
883 1767 1135 1818 τρυφαλείης.

106 1830 169 1873 καί
190 1832 236 1872 νύ
259 1849 324 1873 κεν
351 1831 534 1884 εἴρυσσέν
558 1850 600 1873 τε
627 1834 688 1873 καὶ
714 1832 888 1872 ἄσπετον
911 1832 1031 1884 ἤρατο
1058 1835 1180 1878 κῦδος,
1211 1886 1216 1891 .

105 1899 137 1938 εἰ
161 1898 212 1949 μὴ
237 1897 295 1950 ἄρ’
319 1896 388 1948 ὀξὺ
414 1899 537 1949 νόησε
563 1899 659 1940 Διὸς
685 1898 855 1951 θυγάτηρ
879 1898 1107 1950 Ἀφροδίτη,

105 1963 130 2013 ἤ
153 1965 188 2004 οἱ
211 1962 328 2016 ῥῆξεν
353 1963 494 2015 ἱμάντα
519 1965 618 2016 βοὸς
642 1965 707 2017 ῗφι
734 1963 952 2015 κταμένοιο·
1364 1974 1423 2005 375

108 2029 211 2078 κεινὴ
236 2032 278 2070 δὲ
302 2030 522 2082 τρυφάλεια
546 2030 611 2082 ἅμ’
637 2031 784 2072 ἕσπετο
810 2031 913 2083 χειρὶ
937 2031 1095 2085 παχείῃ.

107 2095 177 2144 τὴν
200 2097 272 2146 μὲν
297 2096 418 2136 ἔπειθ’
442 2096 544 2147 ἥρως
567 2096 650 2147 μετ’
676 2095 905 2146 ἐϋκνήμιδας
930 2095 1115 2148 Ἀχαιοὺς

148 2198 210 2227 352
234 2189 302 2220 ath.
318 2188 378 2219 Ar.
506 2191 641 2228 δαμῆναι
654 2188 713 2221 Ar.
835 2197 898 2227 354
923 2201 938 2219 o
955 2200 1003 2219 τις
1019 2186 1079 2235 12⁴⁰
1120 2229 1125 2231 λ
1203 2196 1266 2226 355
1292 2194 1336 2227 φη
1352 2184 1423 2233 12⁴⁰,

106 2235 139 2261 et
154 2232 218 2271 369
305 2241 367 2271 357
392 2244 450 2271 ηκε
462 2230 522 2288 pm
611 2233 670 2271 361
692 2234 766 2272 δαορ
783 2235 835 2271 οξυ
850 2230 1057 2272 ερυσαμενος[
1069 2228 1129 2277 12⁴⁰
1217 2231 1281 2268 362
1306 2233 1427 2269 πληξεν

106 2279 229 2316 επαιξας
280 2273 309 2293 4⁰
446 2277 525 2311 αυτῆ
544 2273 605 2306 Ar.
629 2275 676 2315 (αἱ
700 2273 905 2315 χαριέστεραι
930 2274 981 2305 καὶ
1006 2272 1166 2312 πλέονες),
1193 2272 1224 2302 Α
1248 2282 1291 2303 ss.
1385 2272 1427 2302 de

107 2317 168 2355 362
179 2327 208 2357 a,
234 2319 327 2357 366a
344 2316 434 2365 (12⁴⁰)
452 2328 483 2349 v.
510 2309 614 2357 'praefi
742 2318 805 2356 364
831 2316 935 2358 εὐρύν]
955 2316 1045 2348 αἰπύν
1062 2315 1142 2347 Zen.
1274 2316 1338 2354 368
1363 2317 1427 2346 οὐδ’

109 2359 273 2400 ἐδάμασσα
289 2360 349 2392 Ar.
371 2360 475 2401 (teste
492 2360 630 2401 Amm.)‚
650 2361 700 2391 Ve
823 2369 887 2398 370
911 2359 1014 2399 δεπει[
1030 2357 1091 2406 pff
1216 2368 1275 2397 371
1303 2365 1427 2395 απαλης

109 2415 164 2434 mro
181 2405 246 2444 δειρ
263 2403 332 2444 [ης]
348 2402 394 2451 ᾮῧ
526 2413 588 2443 373
615 2403 761 2445 ἐξέρυσέν
778 2416 814 2435 τε
831 2402 882 2434 vel
903 2402 1064 2442 ἐξείρυσσε
1082 2401 1255 2440 Aristoph.
1279 2445 1291 2452 ..

193 2455 277 2477 Hom.
299 2456 340 2477 ιι..
1276 2455 1293 2474 ⁰
