1660 2802
683 142 718 175 5.
791 136 1050 174 ΙΛΙΑΔΟΣ
1100 138 1131 174 Ε

246 238 306 278 καὶ
332 235 465 284 κλέος;
505 236 532 292 ᾧ
558 238 602 279 οὔ
627 239 685 281 τίς
707 255 767 279 τοι
794 239 959 290 ἐρίζεται
984 238 1122 281 ἐνθάδε
1148 239 1184 292 γ’
1210 240 1319 293 ἀνήρ,

243 302 331 344 οὐδέ
355 321 413 346 τις
438 306 481 344 ἐν
506 305 629 361 Λυκίῃ
656 303 727 345 σέο
752 305 788 357 γ’
816 305 973 358 εὔχεται
998 305 1097 346 εἶναι
1122 307 1303 358 ἀμείνων.

243 370 334 411 ἀλλ’
361 370 431 422 ἄγε
456 371 544 424 τῷδ’
570 371 665 423 ἔφες
690 372 799 424 ἀνδρὶ
823 370 960 423 βέλος,
990 373 1056 413 Διὶ
1081 376 1217 427 χεῖρας
1242 374 1442 428 ἀνασχών,

243 438 284 479 ὅς
309 454 365 478 τις
391 438 455 477 ὅδε
482 435 633 487 κρατέει
660 438 721 478 καὶ
747 438 793 488 δὴ
820 440 918 479 κακὰ
944 441 1077 480 πολλὰ
1104 439 1216 493 ἔοργε

241 506 389 554 Τρῶας,
419 505 502 544 ἐπεὶ
528 508 690 544 πολλῶν
715 521 757 545 τε
783 505 846 545 καὶ
871 506 1029 546 ἐσθλῶν
1054 506 1212 558 γούνατ’
1238 507 1393 549 ἔλυσεν·

243 571 275 610 εἰ
299 569 351 620 μή
377 587 434 612 τις
459 571 545 612 θεός
571 572 658 611 ἐστι
685 571 977 623 κοτεσσάμενος
1001 573 1213 625 Τρώεσσιν

243 638 333 687 ἱρῶν
358 638 539 687 μηνίσας·
577 637 735 690 χαλεπὴ
763 640 805 679 δὲ
831 641 920 679 θεοῦ
944 639 1008 679 ἔπι
1031 639 1184 690 μῆνις.”

306 702 388 744 Τὸν
413 703 445 743 δ’
472 703 561 744 αὖτε
588 702 801 756 προσέειπε
829 705 1028 748 Λυκάονος
1053 706 1202 758 ἀγλαὸς
1226 707 1318 749 υἱός·

243 771 267 785 “
287 770 432 816 Αἰνεία,
457 771 605 822 Τρώων
630 772 864 824 βουληφόρε
887 773 1210 826 χαλκοχιτώνων,

239 835 403 892 Τυδεΐδῃ
429 853 493 887 μιν
520 837 645 890 ἔγωγε
673 837 855 890 δαΐφρονι
879 837 1007 879 πάντα
1033 838 1164 886 ἐΐσκω,

241 903 380 942 ἀσπίδι
404 904 640 954 γιγνώσκων
667 904 863 945 αὐλώπιδί
883 922 925 946 τε
949 907 1182 962 τρυφαλείῃ,

240 969 380 1011 ἵππους
404 968 437 1008 τ’
464 971 668 1022 εἰσορόων·
708 970 822 1023 σάφα
847 971 879 1011 δ’
905 972 972 1013 οὐκ
998 971 1069 1012 οἶδ’
1097 973 1130 1013 εἰ
1156 973 1243 1015 θεός
1270 973 1392 1014 ἐστιν.

240 1036 273 1074 εἰ
299 1034 331 1075 δ’
357 1036 378 1075 ὅ
404 1035 439 1087 γ’
465 1036 562 1089 ἀνὴρ
584 1038 628 1077 ὅν
655 1043 767 1089 φημι,
795 1038 973 1091 δαΐφρων
997 1036 1145 1081 Τυδέος
1168 1040 1263 1086 υἱός,

240 1101 313 1153 οὐχ
339 1102 360 1140 ὅ
384 1101 420 1153 γ’
449 1102 585 1144 ἄνευθε
611 1106 701 1144 θεοῦ
726 1103 817 1145 τάδε
841 1105 1034 1155 μαίνεται,
1062 1105 1167 1146 ἀλλά
1192 1122 1250 1148 τις
1275 1105 1370 1160 ἄγχι

240 1167 372 1218 ἕστηκ’
400 1168 617 1216 ἀθανάτων,
647 1170 798 1227 νεφέλῃ
824 1171 1026 1222 εἰλυμένος
1052 1172 1191 1223 ὤμους,

239 1233 281 1275 ὃς
306 1235 443 1276 τούτου
467 1235 590 1286 βέλος
617 1237 693 1277 ὠκὺ
722 1236 934 1290 κιχήμενον
959 1238 1125 1290 ἔτραπεν
1151 1238 1268 1295 ἄλλῃ.

238 1300 309 1351 ἤδη
336 1300 410 1354 γάρ
435 1303 470 1342 οἱ
496 1303 625 1355 ἐφῆκα
650 1303 786 1354 βέλος,
814 1304 880 1344 καί
899 1321 966 1355 μιν
991 1304 1123 1355 βάλον
1148 1302 1252 1355 ὦμον

239 1366 367 1418 δεξιὸν
393 1368 550 1420 ἀντικρὺ
578 1371 639 1410 διὰ
665 1370 838 1421 θώρηκος
863 1370 1039 1422 γυάλοιο·

240 1435 305 1474 καί
325 1451 392 1484 μιν
417 1434 533 1487 ἔγωγ’
560 1435 717 1488 ἐφάμην
742 1436 928 1488 Ἀϊδωνῆϊ
952 1437 1177 1490 προϊάψειν,

239 1500 363 1551 ἔμπης
387 1500 419 1540 δ’
445 1501 512 1541 οὐκ
539 1502 760 1553 ἐδάμασσα·
800 1504 888 1546 θεός
911 1504 957 1544 νύ
982 1505 1039 1546 τίς
1064 1506 1152 1544 ἐστι
1177 1503 1339 1555 κοτήεις.

237 1567 351 1607 ἵπποι
375 1567 406 1607 δ’
432 1568 476 1608 οὐ
502 1568 673 1621 παρέασι
700 1570 762 1609 καὶ
787 1570 950 1622 ἅρματα,
978 1574 1057 1611 τῶν
1082 1570 1113 1610 κ’
1139 1572 1340 1622 ἐπιβαίην·

239 1633 345 1673 ἀλλά
369 1651 441 1675 που
469 1636 510 1675 ἐν
534 1635 745 1688 μεγάροισι
773 1636 969 1679 Λυκάονος
995 1637 1133 1678 ἕνδεκα
1157 1638 1292 1690 δίφροι

239 1701 352 1740 καλοὶ
377 1707 651 1754 πρωτοπαγεῖς
679 1703 917 1756 νεοτευχέες·
955 1704 1058 1756 ἀμφὶ
1083 1706 1125 1744 δὲ
1150 1703 1296 1744 πέπλοι

238 1766 464 1808 πέπτανται·
505 1771 608 1821 παρὰ
635 1769 677 1810 δέ
703 1776 802 1822 σφιν
828 1769 982 1824 ἑκάστῳ
1008 1771 1159 1823 δίζυγες
1184 1771 1297 1811 ἵπποι

238 1835 381 1874 ἑστᾶσι
408 1839 469 1886 κρῖ
491 1836 631 1876 λευκὸν
660 1837 910 1888 ἐρεπτόμενοι
937 1837 999 1877 καὶ
1023 1837 1178 1889 ὀλύρας.

238 1899 261 1950 ἦ
285 1899 357 1950 μέν
381 1918 448 1951 μοι
470 1902 577 1952 μάλα
602 1905 736 1943 πολλὰ
761 1903 888 1955 γέρων
913 1905 1087 1956 αἰχμητὰ
1111 1903 1277 1944 Λυκάων

237 1966 434 2022 ἐρχομένῳ
460 1968 649 2010 ἐπέτελλε
674 1971 806 2021 δόμοις
831 1970 888 2010 ἔνι
914 1974 1149 2021 ποιητοῖσιν·

237 2034 418 2074 ἵπποισίν
442 2034 480 2085 μ’
508 2035 663 2076 ἐκέλευε
690 2037 752 2077 καὶ
778 2036 948 2089 ἅρμασιν
974 2039 1215 2088 ἐμβεβαῶτα

237 2100 417 2152 ἀρχεύειν
441 2102 625 2153 Τρώεσσι
652 2105 747 2143 κατὰ
774 2105 959 2156 κρατερὰς
984 2104 1161 2155 ὑσμίνας·

236 2166 328 2206 ἀλλ’
353 2168 430 2219 ἐγὼ
454 2168 498 2208 οὐ
522 2169 775 2220 πιθόμην-ἣ
800 2169 833 2209 τ’
859 2169 906 2210 ἂν
931 2170 1034 2211 πολὺ
1059 2169 1210 2223 κέρδιον
1235 2167 1363 2220 ἦεν-

236 2232 365 2273 ἵππων
391 2235 632 2285 φειδόμενος,
659 2235 711 2286 μή
736 2253 803 2287 μοι
828 2237 1003 2278 δευοίατο
1030 2239 1187 2289 φορβῆς

1509 454 1566 487 175

1506 779 1567 811 180

1504 1112 1562 1151 185

1502 1453 1561 1484 190

1501 1784 1558 1816 195

1495 2117 1557 2139 200

277 2327 331 2355 181
359 2338 412 2364 μιν
428 2330 460 2356 et
476 2325 535 2364 μὲν
552 2325 608 2358 Ar.
634 2329 759 2368 (διχῶς)
776 2340 780 2358 ;
807 2329 866 2368 μὲν
884 2329 973 2369 Ang.
993 2329 1042 2360 M5
1056 2329 1101 2361 0⁵
1113 2330 1158 2361 U‘5
1169 2331 1227 2361 V2'·'
1330 2335 1389 2372 183
1412 2335 1479 2366 ath.
1493 2334 1549 2366 Ar.

318 2369 376 2408 187
402 2369 468 2400 ath.
490 2369 568 2400 ch.
688 2381 747 2411 194
772 2372 869 2404 aliter
886 2373 968 2405 Zeu.
991 2374 1054 2413 &n
1072 2380 1102 2406 Z.
1122 2374 1298 2414 μετέθηκεν
1314 2376 1484 2419 Ariston.)
