1670 2828
660 159 694 192 3.
767 150 1023 188 ῘΛῘΑΔΟΣ
1072 151 1100 186 Γ
1645 0 1670 168 1

280 258 364 307 Τὴν
389 260 431 298 δὲ
456 256 582 309 Πάρις
605 255 788 307 μύθοισιν
815 253 1078 304 ἀμειβόμενος
1102 250 1328 304 προσέειπε·

217 327 241 343 “
256 323 308 375 μή
333 341 394 375 με,
422 324 547 376 γύναι,
576 325 814 376 χαλεποῖσιν
841 320 1012 360 ὀνείδεσι
1037 319 1158 370 θυμὸν
1182 319 1326 359 ἔνιπτε·

214 394 282 432 νῦν
307 392 378 441 μὲν
404 392 478 442 γὰρ
504 388 711 429 Μενέλαος
739 387 920 437 ἐνίκησεν
947 385 1021 426 σὺν
1045 384 1205 441 Ἀθήνῃ,

217 461 343 498 κεῖνον
369 455 401 495 δ’
422 456 528 497 αὖτις
554 454 643 506 ἐγώ·
681 455 786 505 παρὰ
810 454 886 504 γὰρ
913 453 997 493 θεοί
1020 453 1098 492 εἰσι
1125 452 1186 491 καὶ
1210 451 1314 502 ἡμῖν.
1474 464 1542 496 440

217 523 308 564 ἀλλ’
335 522 405 574 ἄγε
431 522 476 571 δὴ
503 521 687 573 φιλότητι
713 520 948 572 τραπείομεν
975 517 1191 569 εὐνηθέντε·

217 590 261 630 οὐ
285 589 360 641 γάρ
386 589 443 629 πώ
469 586 563 628 ποτέ
587 586 627 638 μ’
654 585 728 626 ὧδέ
753 586 789 638 γ’
817 585 913 638 ἔρως
940 584 1087 638 φρένας
1111 583 1414 637 ἀμφεκάλυψεν,

219 655 297 697 οὐδ’
323 656 388 695 ὅτε
414 671 461 695 σε
486 657 639 705 πρῶτον
665 652 958 703 Λακεδαίμονος
982 650 1029 702 ἐξ
1051 652 1249 702 ἐρατεινῆς

219 723 362 763 ἔπλεον
387 719 562 773 ἁρπάξας
588 721 629 759 ἐν
655 719 937 771 ποντοπόροισι
963 717 1114 763 νέεσσι,

218 788 325 842 νήσῳ
352 787 384 827 δ’
411 789 452 827 ἐν
479 786 639 842 Κρανάῃ
665 786 802 838 ἐμίγην
829 786 1016 838 φιλότητι
1043 784 1103 824 καὶ
1130 783 1232 840 εὐνῇ,
1482 794 1546 826 445

220 856 270 897 ὥς
298 872 367 895 σεο
393 857 461 894 νῦν
487 854 625 905 ἔραμαι
651 854 716 893 καί
738 869 786 903 με
811 851 955 904 γλυκὺς
981 852 1112 903 ἵμερος
1138 848 1278 902 αἱρεῖ.”

279 921 337 961 ἾΙ
362 922 424 973 ῥα,
454 921 514 960 καὶ
539 919 637 972 ἄρχε
662 918 837 972 λέχοσδε
864 918 968 958 κιών·
1009 916 1089 968 ἅμα
1115 916 1147 957 δ’
1174 914 1294 957 εἵπετ’
1319 913 1477 956 ἄκοιτις.

286 989 352 1028 Τὼ
377 989 448 1038 μὲν
474 986 532 1039 ἄρ’
561 988 602 1027 ἐν
627 989 803 1038 τρητοῖσι
831 986 1093 1026 κατεύνασθεν
1118 982 1348 1037 λεχέεσσιν,

222 1054 422 1106 Ἀτρεΐδης
447 1053 479 1093 δ’
508 1052 567 1093 ἀν’
594 1053 732 1103 ὅμιλον
760 1053 899 1104 ἐφοίτα
926 1051 1011 1103 θηρὶ
1038 1051 1185 1096 ἐοικώς,

223 1124 258 1163 εἴ
280 1138 353 1162 που
380 1118 638 1172 ἐσαθρήσειεν
663 1117 927 1171 Ἀλέξανδρον
955 1117 1139 1158 θεοειδέα.
1484 1126 1549 1157 450

223 1187 313 1228 ἀλλ’
339 1188 382 1227 οὔ
408 1204 466 1228 τις
491 1186 631 1226 δύνατο
657 1186 803 1237 Τρώων
832 1188 994 1225 κλειτῶν
1019 1183 1052 1223 τ’
1080 1183 1293 1234 ἐπικούρων

223 1253 346 1304 δεῖξαι
371 1251 634 1304 Ἀλέξανδρον
659 1251 738 1291 τότ’
767 1252 964 1305 ἀρηϊφίλῳ
993 1249 1200 1303 Μενελάῳ·

224 1321 268 1361 οὐ
291 1323 362 1371 μὲν
388 1322 462 1372 γὰρ
489 1319 678 1371 φιλότητί
701 1317 737 1370 γ’
765 1319 984 1363 ἐκεύθανον,
1016 1318 1052 1357 εἴ
1073 1333 1130 1358 τις
1156 1317 1289 1356 ἴδοιτο·
1666 1326 1670 1410 4

223 1388 315 1427 ἶσον
340 1386 414 1439 γάρ
439 1391 539 1438 σφιν
565 1387 688 1425 πᾶσιν
715 1384 914 1437 ἀπήχθετο
941 1384 1026 1435 κηρὶ
1051 1383 1230 1438 μελαίνῃ.

225 1458 332 1494 τοῖσι
356 1455 397 1493 δὲ
423 1452 485 1492 καὶ
509 1451 713 1502 μετέειπεν
740 1448 842 1499 ἅναξ
863 1452 1011 1501 ἀνδρῶν
1039 1446 1312 1501 Ἀγαμέμνων·
1491 1457 1555 1488 455

229 1523 253 1538 “
272 1518 432 1560 κέκλυτέ
456 1536 539 1570 μευ,
564 1521 697 1570 Τρῶες
725 1518 787 1557 καὶ
815 1516 1013 1568 Δάρδανοι
1039 1515 1097 1566 ἠδ’
1122 1515 1330 1566 ἐπίκουροι·
1666 1517 1670 1604 1·

228 1589 312 1636 νίκη
338 1589 409 1637 μὲν
434 1586 479 1635 δὴ
506 1584 659 1637 φαίνετ’
685 1584 895 1635 ἀρηϊφίλου
923 1582 1144 1627 Μενελάου,

229 1655 335 1704 ὑμεῖς
361 1651 393 1692 δ’
418 1652 601 1704 Ἀργείην
626 1650 796 1700 Ἑλένην
823 1650 884 1689 καὶ
911 1648 1072 1700 κτήμαθ’
1099 1647 1163 1699 ἅμ’
1191 1648 1287 1704 αὐτῇ

231 1721 375 1764 ἔκδοτε,
404 1718 465 1758 καὶ
489 1717 604 1769 τιμὴν
630 1717 862 1768 ἀποτινέμεν
888 1716 936 1766 ἥν
963 1714 1032 1756 τιν’
1058 1716 1194 1761 ἔοικεν,
1662 1722 1670 1788 l

232 1787 256 1836 ἥ
279 1803 322 1826 τε
348 1785 408 1825 καὶ
434 1784 693 1835 ἐσσομένοισι
719 1783 801 1834 μετ’
829 1783 1071 1835 ἀνθρώποισι
1096 1779 1302 1832 πέληται.”
1497 1781 1561 1821 4⁶0

293 1851 372 1893 ‘¹95
398 1851 510 1903 ἔφατ’
536 1850 749 1903 Ἀτρείδης,
779 1850 841 1891 ἐπὶ
867 1849 898 1890 δ’
923 1848 1041 1906 ᾔνεον
1067 1848 1184 1888 ἄλλοι
1209 1846 1378 1900 Ἀχαιοί.

274 1954 336 1982 442
361 1946 393 1984 γ’
410 1942 440 1973 Α
455 1942 494 1973 1„ss
512 1955 518 1973 :
544 1952 608 1972 om.
631 1947 695 1973 cet.
788 1941 904 1984 φρένας
922 1942 990 1984 ἔρος
1006 1951 1035 1972 v.
1058 1940 1077 1970 l.
1097 1950 1149 1980 ap.
1165 1939 1260 1971 Eust.
1400 1946 1464 1978 443
1488 1937 1560 1990 πρός

229 2000 323 2028 τερον
342 1997 364 2017 a
374 1997 392 2017 e
405 1986 431 2016 B
443 1986 469 2016 C
481 1986 508 2016 T
605 1995 669 2024 453
694 1984 861 2017 ἐκεύθανεν
874 1982 918 2032 123
1009 1993 1072 2022 459
1097 1983 1289 2016 ἀποτίνετον
1303 1981 1385 2013 Zen.
1478 1981 1517 2018 ἥν
1529 1993 1549 2012 τ

232 2034 356 2067 ἐπέοικε
377 2033 421 2063 U1
434 2032 480 2064 135
497 2033 538 2065 al.
556 2046 560 2064 z
588 2035 628 2071 ἢν
646 2033 769 2065 ἐπέοικε
788 2036 814 2063 h
828 2031 885 2062 U¹¹
897 2029 954 2062 V²1
972 2032 1014 2063 al.
