1660 2802
654 112 688 144 6.
763 109 1019 150 ΙΛΙΑΔΟΣ
1068 115 1098 152 Ζ

277 203 439 252 Δρῆσον
464 203 496 242 δ’
524 204 726 257 Εὐρύαλος
752 211 814 250 καὶ
840 211 1054 263 Ὀφέλτιον
1079 216 1292 273 ἐξενάριξε·
1489 243 1530 265 20

205 268 261 315 βῆ
288 268 329 306 δὲ
352 268 437 318 μετ’
461 272 643 322 Αἴσηπον
669 276 731 315 καὶ
757 276 960 327 Πήδασον,
987 283 1053 324 οὕς
1077 301 1171 326 ποτε
1196 288 1329 342 νύμφη

204 332 288 381 νηῒς
313 332 569 388 Ἀβαρβαρέη
595 339 673 380 τέκ’
697 342 864 394 ἀμύμονι
890 348 1142 391 Βουκολίωνι.

203 400 426 441 Βουκολίων
451 402 484 442 δ’
509 402 556 453 ἧν
580 405 661 448 υἱὸς
685 408 832 460 ἀγαυοῦ
856 414 1128 464 Λαομέδοντος

201 466 479 515 πρεσβύτατος
502 477 630 528 γενεῇ,
661 475 818 516 σκότιον
843 477 885 518 δέ
911 482 927 519 ἑ
952 482 1109 532 γείνατο
1132 484 1273 539 μήτηρ·

199 534 416 581 ποιμαίνων
442 534 474 574 δ’
500 536 559 576 ἐπ’
584 540 701 580 ὄεσσι
724 544 818 594 μίγη
846 546 1030 597 φιλότητι
1057 551 1118 590 καὶ
1145 552 1248 610 εὐνῇ,
1482 573 1522 605 25

197 596 220 646 ἡ
247 597 279 636 δ’
303 599 578 654 ὑποκυσαμένη
606 607 811 657 διδυμάονε
836 612 992 662 γείνατο
1018 619 1144 658 παῖδε.

197 663 258 702 καὶ
283 667 355 714 μὲν
380 671 456 708 τῶν
481 669 654 712 ὑπέλυσε
678 673 794 723 μένος
822 679 883 718 καὶ
909 680 1076 732 φαίδιμα
1102 688 1193 736 γυῖα

198 731 495 783 Μηκιστηϊάδης
521 737 582 776 καὶ
608 739 675 779 ἀπ’
702 741 816 791 ὤμων
840 746 967 799 τεύχε’
993 749 1131 791 ἐσύλα.

260 796 484 841 Ἀστύαλον
509 802 542 841 δ’
566 803 625 855 ἄρ’
651 807 798 860 ἔπεφνε
820 815 1112 866 μενεπτόλεμος
1138 821 1403 873 Πολυποίτης·

193 863 366 914 Πιδύτην
392 866 425 905 δ’
450 867 641 913 Ὀδυσεὺς
668 876 899 925 Περκώσιον
923 879 1145 934 ἐξενάριξεν
1474 906 1515 937 30

191 929 303 983 ἔγχεϊ
326 935 512 992 χαλκείω,
540 939 711 990 Τεῦκρος
736 941 769 981 δ’
795 942 1008 996 Ἀρετάονα
1032 952 1126 990 δῖον.

190 994 424 1051 Ἀντίλοχος
450 1001 482 1040 δ’
504 1001 710 1056 ’Ἄβληρον
737 1009 901 1061 ἐνήρατο
927 1015 1032 1066 δουρὶ
1058 1021 1205 1073 φαεινῷ

188 1065 444 1116 Νεστορίδης,
467 1067 642 1111 ’Έλατον
667 1075 708 1113 δὲ
733 1074 835 1127 ἄναξ
855 1079 1004 1131 ἀνδρῶν
1031 1082 1303 1137 Ἀγαμέμνων·

185 1132 270 1170 ναῖε
295 1133 335 1171 δὲ
362 1135 614 1179 Σατνιόεντος
640 1140 836 1192 ἐϋρρείταο
861 1146 951 1197 παρ’
977 1150 1100 1200 ὄχθας

185 1194 377 1245 Πήδασον
402 1201 593 1252 αἰπεινήν.
665 1208 849 1250 Φύλακον
875 1212 907 1251 δ’
933 1214 999 1254 ἕλε
1025 1215 1168 1266 Λήϊτος
1193 1220 1295 1272 ἥρως
1468 1240 1507 1272 35

184 1262 381 1314 φεύγοντ’·
420 1268 650 1319 Εὐρύπυλος
674 1275 715 1313 δὲ
743 1277 971 1320 Μελάνθιον
997 1280 1230 1336 ἐξενάριξεν.

242 1328 468 1381 ’Ἄδρηστον
492 1334 525 1373 δ’
549 1336 609 1387 ἄρ’
635 1338 769 1380 ἔπειτα
792 1344 895 1394 βοὴν
920 1346 1066 1398 ἀγαθὸς
1093 1353 1299 1396 Μενέλαος

182 1394 279 1443 ζωὸν
303 1397 373 1437 ἕλ’·
412 1400 516 1440 ἵππω
542 1402 616 1455 γάρ
640 1406 675 1445 οἱ
700 1407 918 1459 ἀτυζομένω
945 1416 1105 1462 πεδίοιο,

179 1461 251 1515 ὄζῳ
278 1463 334 1503 ἔνι
358 1468 592 1518 βλαφθέντε
615 1475 811 1529 μυρικίνῳ,
839 1477 1011 1529 ἀγκύλον
1037 1481 1139 1534 ἅρμα

176 1525 310 1576 ἄξαντ’
337 1532 378 1571 ἐν
403 1534 540 1589 πρώτῳ
565 1537 670 1592 ῥυμῷ
695 1541 797 1582 αὐτὼ
821 1545 892 1593 μὲν
919 1546 1066 1598 ἐβήτην
1457 1573 1500 1603 40

176 1594 271 1645 πρὸς
295 1598 425 1644 πόλιν,
451 1599 474 1656 ᾖ
496 1618 568 1653 περ
593 1606 629 1644 οἱ
655 1604 769 1647 ἄλλοι
797 1610 1022 1662 ἀτυζόμενοι
1048 1617 1262 1668 φοβέοντο,

174 1659 289 1704 αὐτὸς
314 1663 346 1703 δ’
372 1665 414 1704 ἐκ
439 1668 593 1719 δίφροιο
620 1675 722 1723 παρὰ
748 1677 891 1729 τροχὸν
917 1678 1149 1734 ἐξεκυλίσθη

173 1728 320 1779 πρηνὴς
346 1732 387 1771 ἐν
414 1735 592 1790 κονίῃσιν
619 1739 680 1779 ἐπὶ
708 1742 848 1792 στόμα·
888 1747 965 1797 πὰρ
991 1748 1034 1788 δέ
1057 1752 1092 1790 οἱ
1119 1750 1213 1802 ἔστη

172 1792 372 1847 Ἀτρεΐδης
398 1800 615 1850 Μενέλαος,
644 1805 746 1859 ἔχων
773 1811 1030 1864 δολιχόσκιον
1055 1816 1185 1871 ἔγχος.

163 1861 386 1912 ’Ἄδρηστος
411 1866 444 1904 δ’
469 1867 528 1919 ἄρ’
553 1870 685 1912 ἔπειτα
710 1877 851 1925 λαβὼν
877 1880 1093 1922 ἐλλίσσετο
1117 1886 1280 1935 γούνων·
1452 1907 1492 1936 45

172 1927 197 1943 “
214 1927 361 1981 ζώγρει,
390 1931 546 1985 Ἀτρέος
571 1938 639 1983 υἷέ,
668 1941 718 1981 σὺ
743 1942 776 1981 δ’
802 1943 891 1995 ἄξια
917 1946 1025 1998 δέξαι
1049 1949 1203 1992 ἄποινα·

168 1997 300 2035 πολλὰ
325 1997 358 2037 δ’
383 1999 424 2038 ἐν
450 2001 614 2053 ἀφνειοῦ
639 2008 784 2060 πατρὸς
814 2012 994 2063 κειμήλια
1020 2020 1155 2064 κεῖται,

166 2063 315 2113 χαλκός
339 2081 379 2105 τε
404 2070 552 2119 χρυσός
580 2088 621 2112 τε
647 2076 894 2127 πολύκμητός
918 2096 959 2120 τε
986 2082 1156 2134 σίδηρος,

210 2161 248 2181 21
275 2154 441 2198 Πήδασον]
466 2158 606 2200 πήρεχον
631 2162 689 2195 ΑΓ.
718 2166 761 2198 (οἱ
783 2171 850 2209 περὶ
876 2172 1089 2215 Ἀρίσταρχον
1116 2182 1203 2210 teste
1228 2180 1331 2213 schol.
1358 2183 1403 2224 B)

165 2203 203 2233 31
232 2195 276 2236 ἄρ’
295 2198 427 2231 Ἐτάονα
443 2202 554 2233 ceGe
566 2204 605 2233 V]
620 2205 673 2235 ΥΠ
687 2208 814 2240 V¹²V3²
827 2212 883 2251 al„
903 2224 933 2245 v.
953 2215 973 2246 l.
991 2227 1042 2256 ap.
1065 2218 1159 2261 Ευξῒ.
1287 2235 1328 2264 34
1352 2231 1419 2260 ναῖε
1436 2229 1487 2271 δὲ]

164 2238 198 2269 ὃς
214 2239 269 2270 νάε
285 2240 366 2280 (ναῖε
383 2244 476 2283 cod.)
492 2245 571 2278 Zeu.
673 2254 880 2292 σαφνιόεντος
896 2267 925 2289 v.
941 2258 959 2289 l.
979 2270 1030 2300 ap.
1049 2261 1158 2295 Strab.
1182 2266 1247 2297 606
1363 2280 1404 2310 35
1429 2274 1487 2304 Φύ-

163 2281 280 2323 λακον]
301 2286 434 2325 σχεδίον
455 2287 545 2319 Hdn.
565 2304 596 2321 π.
615 2306 683 2331 μον.
705 2296 770 2337 λέξ.
795 2299 842 2329 18.
863 2301 884 2329 6
1043 2307 1085 2343 38
1109 2308 1196 2340 ἵπποι
1215 2334 1222 2340 .
1245 2335 1250 2342 .
1273 2336 1279 2342 .
1301 2313 1484 2354 ἀτυζόμενοι

162 2323 272 2363 Apoll.
296 2326 361 2359 lex.
383 2329 430 2360 Μ1
448 2341 492 2363 ss.
516 2332 558 2363 Ul
573 2334 632 2369 Ve,
650 2347 678 2369 v.
695 2338 714 2369 l.
735 2350 788 2379 ap.
810 2341 903 2375 Eust.
1038 2358 1078 2387 47
1103 2353 1224 2385 κεῖνται
1241 2365 1262 2391 q
