1670 2828
699 126 1113 166 PRAEFATIO

244 244 513 296 reponendas
551 256 640 283 esse
677 242 907 282 duximus:
960 240 1112 280 harum
1155 241 1268 280 enim
1310 242 1460 281 eadem
1504 246 1569 280 est

243 312 440 352 condicio
473 318 603 363 atque
638 310 798 351 formae
831 309 1025 349 τεθνειώς.
1102 308 1175 349 Sic
1210 310 1341 350 etiam
1375 308 1444 359 ἧος
1477 309 1569 357 τῆος
1618 311 1619 314 ’

244 386 395 420 contra
428 393 576 420 omnes
616 379 755 419 fontes
793 377 1041 418 intulimus:
1094 378 1209 418 casui
1246 378 1362 418 enim
1398 378 1570 417 videtur

244 449 391 489 deberi
424 456 469 490 ut
501 449 572 490 ἕως
606 447 713 493 τέως,
748 460 858 499 quae
890 446 1100 486 vocabula
1134 452 1270 486 metro
1302 452 1571 500 repugnante

244 531 299 557 ex
343 517 591 557 Atticorum
634 531 711 556 usu
755 517 987 568 desumpta
1038 521 1171 565 erant,
1212 516 1426 555 neminem
1479 528 1570 555 cor-

246 593 455 626 rectorem
480 586 729 625 invenerint.

304 655 341 696 6.
377 655 571 707 Linguae
596 654 785 694 Graecae
815 651 1063 693 decadentis
1085 657 1174 691 erat
1202 665 1280 704 pro
1309 651 1571 704 superlativo

246 725 382 776 gradu
405 723 746 776 comparativum
771 734 929 774 ponere
950 737 957 760 :
993 726 1040 760 ut
1065 719 1253 772 φέρτερος
1275 733 1354 772 pro
1378 719 1572 772 φέρτατος

247 793 317 845 (ll.
342 793 366 835 i.
391 792 487 844 581,
510 793 623 845 ete).

305 873 339 915 7.
377 861 700 913 Nonnunquam
743 860 852 899 inter
895 860 931 898 οἱ
966 860 1006 899 αἱ
1044 864 1086 898 et
1122 858 1281 899 formas
1316 859 1574 900 vetustiores

248 932 311 971 τοί
330 931 394 971 ταί
414 931 624 983 scriptura
642 928 820 969 fluctuat
842 942 850 977 ;
871 928 1001 968 simili
1024 927 1189 967 ratione
1211 927 1321 967 inter
1343 927 1573 968 articulum

248 1007 289 1040 et
319 999 544 1040 relativum
576 997 640 1049 (ut
673 998 781 1037 inter
812 997 856 1037 ὅν
887 1003 928 1037 et
957 997 1037 1046 τόν,
1061 995 1104 1035 οὗ
1134 1003 1176 1036 et
1206 998 1274 1035 τοῦ
1305 1002 1415 1046 eto),
1443 1003 1576 1050 atque

250 1069 361 1108 inter
384 1068 638 1121 pronomina
664 1067 685 1106 ὅ
707 1083 752 1119 γε
775 1072 818 1107 et
842 1066 915 1107 ὅδε.
981 1065 1125 1118 Saepe
1146 1065 1278 1106 etiam
1300 1064 1531 1106 articulum
1554 1065 1575 1104 ὁ

249 1138 321 1178 alii
343 1138 514 1177 codices
540 1135 712 1184 habent,
729 1135 801 1175 alii
824 1135 1042 1175 omittunt.
1100 1134 1193 1174 Has
1218 1134 1312 1175 lites
1334 1135 1409 1175 vix
1430 1148 1576 1188 speres
1634 1141 1638 1145 '

251 1207 459 1247 librorum
482 1205 648 1246 auxilio
670 1205 878 1245 dirimere.

310 1276 343 1315 8.
380 1275 585 1315 Formam
610 1279 675 1322 τῶ,
693 1287 803 1326 quae
825 1287 881 1313 ex
901 1272 1084 1312 articulo
1106 1278 1209 1313 nata
1230 1278 1292 1313 est
1316 1279 1362 1313 ut
1385 1286 1443 1313 ex
1465 1272 1577 1315 οὗτος

251 1344 390 1385 forma
412 1344 522 1393 οὕτω,
545 1343 711 1383 codices
735 1343 927 1395 plerique
950 1342 991 1381 in
1015 1342 1065 1396 τῷ
1091 1348 1305 1382 mutatam
1328 1342 1575 1383 ostendunt.

253 1413 346 1454 Nos
386 1412 655 1452 retinendam
696 1425 786 1452 esse
823 1424 1047 1451 censemus
1088 1418 1220 1463 atque
1258 1411 1369 1452 inter
1405 1410 1578 1465 linguae

250 1482 501 1535 antiquioris
524 1481 725 1533 reliquias
748 1480 1070 1520 numerandam.

309 1566 345 1604 9.
379 1551 453 1591 Ad
477 1550 684 1604 syntaxin
710 1549 898 1603 pertinet
927 1548 1044 1601 quod
1073 1562 1151 1601 pro
1174 1548 1402 1589 adiectivis
1427 1547 1579 1601 quales

252 1626 351 1661 sunt
375 1620 505 1660 ἆυτίος
529 1619 705 1660 ἐναντίος
727 1618 901 1669 πλησίος
923 1618 1093 1670 saepius
1115 1618 1321 1658 adverbia
1343 1617 1478 1658 ἀντίον
1499 1623 1576 1659 etc.

253 1689 549 1730 adhibeantur.
627 1687 694 1727 Ita
717 1685 764 1726 fit
787 1693 832 1727 ut
857 1687 966 1726 inter
994 1686 1199 1727 lectiones
1223 1686 1353 1728 ἀντίος
1376 1692 1418 1727 et
1445 1687 1580 1728 ἀντίου

253 1760 345 1799 sim.
371 1758 567 1798 maxima
589 1756 814 1798 fluctuatio
832 1762 873 1795 et
898 1756 1112 1796 levissima
1129 1756 1328 1797 codicum
1346 1756 1580 1797 auctoritas

252 1828 315 1868 sit.

316 1908 377 1936 10.
413 1895 628 1935 Pluralem
670 1895 840 1948 generis
882 1894 1072 1934 neutrius
1110 1907 1207 1934 cum
1249 1894 1382 1934 verbo
1424 1893 1580 1947 plurali

253 1979 384 2018 saepe
406 1965 606 2016 coniungi
629 1964 746 2015 apud
772 1963 1019 2003 Homerum
1044 1964 1130 2003 iam
1158 1962 1435 2003 Aristarchus
1457 1969 1579 2004 nota-

253 2041 374 2076 verat
394 2051 402 2074 :
436 2033 555 2074 cuius
577 2032 822 2073 auctoritati
848 2032 887 2071 in
911 2032 985 2072 tali
1010 2046 1053 2072 re
1077 2033 1315 2085 parendum
1339 2045 1430 2072 esse
1451 2032 1579 2074 duxi-

256 2117 359 2144 mus.

320 2185 378 2212 11.
416 2172 497 2214 Pro
519 2171 657 2212 forma
683 2171 777 2221 ἥκω,
799 2185 910 2224 quae
937 2170 1088 2212 Attica
1110 2178 1185 2221 est,
1207 2172 1281 2211 vix
1312 2170 1493 2211 dubium
1516 2176 1580 2211 est

256 2242 358 2295 quin
381 2243 451 2282 ἵκω
476 2241 559 2292 (vel
584 2241 764 2282 fortasse
787 2241 894 2293 ei'xoe)
919 2241 1215 2293 reponendum
1238 2240 1302 2280 sit.

318 2322 378 2351 12.
414 2311 532 2350 Inter
562 2309 659 2352 σάος
685 2311 780 2351 σόος
811 2315 891 2351 σῶς
921 2310 1104 2349 difficilis
1133 2315 1197 2350 est
1224 2310 1354 2362 optio.
1420 2309 1579 2350 Forma

255 2380 556 2435 antiquissima
588 2378 686 2421 σάος
718 2385 824 2428 erat,
851 2379 1146 2432 grammaticis
1175 2393 1260 2419 non
1291 2379 1449 2432 ignota.
1514 2377 1578 2418 At

886 2447 942 2482 xvi
