1629 2828
584 137 620 172 3.
693 132 951 170 ΙΛΙΑΔΟΣ
1001 131 1029 168 Γ

146 239 170 253 “
186 235 294 276 οὗτος
319 233 352 274 δ’
379 235 475 276 Αἴας
501 235 587 275 ἐστὶ
613 234 818 286 πελώριος,
848 235 956 285 ἕρκος
982 234 1167 287 Ἀχαιῶν·

144 300 354 352 Ἰδομενεὺς
381 300 413 339 δ’
440 299 630 352 ἑτέρωθεν
657 302 713 341 ἐνὶ
741 299 944 353 Κρήτεσσι
969 300 1056 342 θεὸς
1080 301 1131 342 ὣς

144 367 286 417 ἕστηκ’,
315 367 415 418 ἀμφὶ
442 366 483 406 δέ
508 384 573 417 μιν
603 370 766 419 Κρητῶν
791 368 879 418 ἀγοὶ
905 366 1171 419 ἠγερέθονται.

144 433 311 475 πολλάκι
337 450 403 484 μιν
428 431 632 483 ξείνισσεν
658 432 868 486 ἀρηΐφιλος
894 432 1102 476 Μενέλαος

143 502 232 554 οἴκῳ
257 501 299 540 ἐν
323 498 510 554 ἡμετέρῳ,
541 500 658 540 ὁπότε
685 498 887 552 Κρήτηθεν
913 500 1047 540 ἵκοιτο.

144 569 210 607 νῦν
234 565 266 606 δ’
291 565 438 608 ἄλλους
463 568 534 617 μὲν
562 566 710 608 πάντας
735 567 810 619 ὁρῶ
837 567 1032 609 ἑλίκωπας
1058 565 1258 620 Ἀχαιούς,

143 633 206 674 οὕς
231 649 294 673 κεν
320 631 361 673 ἐῢ
388 635 523 685 γνοίην
551 634 618 674 καί
639 633 671 672 τ’
697 633 843 684 οὔνομα
866 635 1131 684 μυθησαίμην·

143 699 232 740 δοιὼ
257 698 289 739 δ’
314 698 358 739 οὐ
383 700 548 750 δύναμαι
577 698 693 740 ἰδέειν
720 698 937 752 κοσμήτορε
963 703 1084 746 λαῶν,

144 764 328 818 Κάστορά
353 765 386 805 θ’
413 767 633 817 ἱππόδαμον
663 767 723 806 καὶ
749 764 829 815 πὺξ
851 766 999 818 ἀγαθὸν
1025 766 1291 812 Πολυδεύκεα,

142 831 472 884 αὐτοκασιγνήτω,
503 833 555 872 τώ
581 850 645 883 μοι
672 834 742 883 μία
766 833 922 885 γείνατο
947 832 1084 885 μήτηρ.

142 895 163 948 ἢ
189 897 262 951 οὐχ
286 898 487 949 ἑσπέσθην
515 900 805 950 Λακεδαίμονος
833 897 879 948 ἐξ
899 901 1111 951 ἐρατεινῆς,

141 961 163 1014 ἢ
188 965 308 1017 δεύρω
333 967 403 1015 μὲν
429 965 570 1006 ἕποντο
597 965 732 1006 νέεσσ’
758 965 815 1006 ἔνι
841 966 1134 1018 ποντοπόροισι,

141 1034 207 1071 νῦν
233 1030 314 1071 αὖτ’
340 1031 406 1071 οὐκ
433 1031 620 1072 ἐθέλουσι
644 1032 776 1084 μάχην
803 1032 1061 1083 καταδύμεναι
1086 1033 1249 1083 ἀνδρῶν,

141 1098 283 1150 αἴσχεα
308 1098 491 1140 δειδιότες
521 1099 581 1138 καὶ
607 1099 759 1138 ὀνείδεα
784 1098 901 1139 πόλλ’
927 1097 951 1137 ἅ
974 1099 1043 1149 μοί
1066 1097 1214 1139 ἐστιν.”

201 1162 278 1206 ΑΩς
303 1163 419 1215 φάτο,
448 1165 536 1207 τοὺς
562 1164 593 1205 δ’
619 1164 691 1215 ἤδη
719 1164 883 1218 κάτεχεν
908 1165 1097 1216 φυσίζοος
1121 1164 1187 1204 αἶα

141 1231 182 1270 ἐν
208 1232 468 1281 ΑΧακεδαίμονι
495 1230 594 1277 αὖθι,
623 1232 724 1287 φίλῃ
752 1233 793 1271 ἐν
819 1232 973 1282 πατρίδι
998 1231 1102 1286 γαίῃ.

209 1295 381 1349 Κήρυκες
405 1296 438 1337 δ’
465 1298 539 1338 ἀνὰ
565 1297 665 1337 ἄστυ
694 1300 792 1338 θεῶν
818 1296 942 1350 φέρον
967 1298 1078 1349 ὅρκια
1103 1296 1238 1342 πιστά,

141 1362 231 1415 ἄρνε
255 1363 331 1404 δύω
357 1365 420 1405 καὶ
444 1363 552 1405 οἶνον
578 1363 765 1416 ἐΰφρονα,
794 1363 941 1415 καρπὸν
966 1363 1143 1415 ἀρούρης,

141 1430 249 1484 ἀσκῷ
274 1431 317 1471 ἐν
341 1431 488 1485 αἰγείῳ·
527 1430 624 1483 φέρε
650 1433 690 1471 δὲ
719 1432 887 1483 κρητῆρα
912 1429 1077 1482 φαεινὸν

143 1495 261 1547 κῆρυξ
281 1496 421 1539 Ἰδαῖος
446 1497 515 1546 ἠδὲ
540 1498 708 1550 χρύσεια
735 1497 924 1537 κύπελλα·

141 1562 308 1614 ὤτρυνεν
333 1565 373 1604 δὲ
398 1563 564 1615 γέροντα
590 1562 880 1616 παριστάμενος
906 1562 1106 1603 ἐπέεσσιν·

144 1631 168 1645 “
184 1630 314 1680 ὄρσεο,
341 1629 671 1680 Λαομεδοντιάδη,
702 1628 911 1669 καλέουσιν
936 1629 1089 1681 ἄριστοι

141 1695 287 1747 Τρώων
313 1695 346 1735 θ’
372 1695 601 1747 ἱπποδάμων
630 1697 692 1736 καὶ
718 1695 892 1748 Ἀχαιῶν
916 1694 1224 1748 χαλκοχιτώνων

142 1761 180 1802 ἐς
204 1762 337 1802 πεδίον
364 1765 594 1813 καταβῆναι,
623 1761 671 1802 ἵν’
700 1762 811 1814 ὅρκια
835 1763 957 1801 πιστὰ
982 1760 1139 1811 τάμητε·

142 1827 259 1879 αὐτὰρ
285 1827 546 1881 Ἀλέξανδρος
572 1829 632 1868 καὶ
660 1828 869 1880 ἀρηΐφιλος
895 1827 1102 1868 Μενέλαος

142 1900 288 1951 μακρῇς
312 1895 494 1951 ἐγχείῃσι
519 1893 739 1948 μαχήσοντ’
768 1895 870 1946 ἀμφὶ
894 1894 1060 1945 γυναικί·

142 1963 193 2014 τῷ
217 1959 260 2000 δέ
284 1978 324 2002 κε
349 1960 554 2011 νικήσαντι
579 1961 675 2013 γυνὴ
704 1962 765 2001 καὶ
792 1959 953 2011 κτήμαθ’
981 1960 1126 2000 ἕποιτο·

143 2027 177 2066 οἱ
202 2025 234 2066 δ’
260 2026 377 2067 ἄλλοι
400 2028 598 2079 φιλότητα
623 2028 685 2068 καὶ
711 2028 822 2079 ὅρκια
847 2028 968 2067 πιστὰ
993 2026 1182 2076 ταμόντες

143 2093 316 2143 ναίοιμεν
339 2096 484 2147 Τροίην
510 2095 750 2147 ἐριβώλακα,
778 2094 836 2134 τοὶ
860 2095 900 2133 δὲ
927 2092 1081 2133 νέονται

139 2156 282 2210 ’Ἄργος
307 2161 346 2203 ἐς
373 2162 592 2212 ἱππόβοτον
621 2161 681 2201 καὶ
707 2160 889 2213 Ἀχαιίδα
917 2156 1238 2209 καλλιγύναικαΓ

1401 978 1463 1008 240

1402 1309 1462 1339 245

1399 1640 1462 1670 250

1400 1970 1461 2000 255

180 2261 242 2291 235
266 2262 330 2282 orn.
347 2251 392 2300 12³
407 2251 455 2282 M⁵
466 2251 512 2282 Οὖ
601 2262 666 2291 240
689 2252 785 2292 δεύρω
804 2252 896 2283 Hdu.
913 2252 944 2282 A
958 2252 983 2282 B
998 2252 1026 2282 D
1037 2251 1094 2300 L¹⁷
1108 2252 1160 2283 Me
1171 2253 1198 2283 T
1210 2251 1269 2283 V3²
1282 2252 1344 2284 aL:
1370 2255 1459 2294 δεῦρο

138 2295 224 2334 vulg.
313 2305 372 2333 241
399 2294 524 2336 μάχην]
544 2295 642 2327 πόνον
659 2294 708 2325 Μ8
721 2295 850 2325 M1⁰V¹0
867 2309 918 2337 γρ.
942 2295 994 2326 L¹⁴
1015 2300 1068 2326 ext.
1090 2295 1181 2326 Eust.
1275 2306 1337 2335 244
1363 2296 1457 2337 φίλῃ]

139 2339 174 2380 ἑῇ
191 2338 270 2369 Zen.
372 2347 435 2376 252
461 2341 494 2370 ἐν
511 2339 607 2379 πεδίῳ
625 2339 674 2369 Ge
688 2338 732 2369 N⁴
742 2338 802 2369 V¹5
812 2339 851 2370 al.
954 2338 1071 2378 τάμηαι
1089 2343 1133 2370 ci
1148 2351 1154 2370 :
1178 2340 1326 2379 τάμωμεν
1341 2343 1399 2376 dg
1417 2338 1457 2369 al.
