1670 2828
663 150 694 182 1.
770 139 1028 178 ΙΑΙΑΔΟΣ
1086 139 1119 176 Α

234 250 255 287 ὅ
281 253 380 299 σφιν
408 245 629 298 ἐϋφρονέων
655 242 878 296 ἀγορήσατο
905 243 965 282 καὶ
989 240 1205 292 μετέειπεν·
1234 259 1259 269 -

236 317 261 332 “
278 313 306 353 ὦ
332 315 463 359 πόποι,
491 312 514 362 ἦ
536 312 639 364 μέγα
662 310 804 351 πένθος
828 306 1012 361 Ἀχαιΐδα
1036 311 1152 359 γαῖαν
1178 306 1312 348 ἱκάνει·

234 380 257 430 ἦ
282 397 347 420 κεν
372 378 544 431 γηθήσαι
571 378 747 430 Πρίαμος
774 374 971 427 Πριάμοιό
994 391 1035 414 τε
1060 376 1195 415 παῖδες
1491 384 1552 416 255

233 446 351 486 ἄλλοι
375 463 416 486 τε
440 448 572 496 Τρῶες
595 443 698 495 μέγα
723 458 787 482 κεν
814 441 1045 494 κεχαροίατο
1071 441 1190 493 θυμῷ,

234 514 268 552 εἰ
294 516 426 564 σφῶϊν
450 510 542 551 τάδε
567 509 694 550 πάντα
718 509 904 549 πυθοίατο
928 505 1219 558 μαρναμένοιϊν,

234 578 270 618 οἳ
294 579 380 629 περὶ
404 579 475 628 μὲν
499 575 650 627 βουλὴν
678 577 860 619 Δαναῶν,
888 573 975 624 περὶ
1000 572 1032 612 δ’
1058 573 1151 612 ἐστὲ
1174 570 1386 624 μάχεσθαι.

234 645 340 684 ἀλλὰ
365 642 532 684 πίθεσθ’·
569 642 687 693 ἄμφω
715 643 755 681 δὲ
781 638 956 692 νεωτέρω
982 637 1100 678 ἐστὸν
1125 639 1243 688 ἐμεῖο·

233 710 303 760 ἤδη
329 709 401 761 γάρ
426 708 511 749 ποτ’
538 709 615 759 ἐγὼ
641 708 702 747 καὶ
729 707 905 758 ἀρείοσιν
930 705 976 755 ἠέ
1000 721 1072 756 περ
1098 706 1189 755 ὑμῖν
1494 707 1556 738 260

234 775 424 828 ἀνδράσιν
454 775 650 825 ὡμίλησα,
678 773 740 813 καὶ
765 773 809 813 οὔ
834 771 929 812 ποτέ
952 771 992 822 μ’
1017 772 1057 811 οἵ
1078 770 1114 823 γ’
1141 769 1332 823 ἀθέριζον.
1372 781 1387 800 V

235 842 278 882 οὐ
302 841 375 894 γάρ
400 859 459 882 πω
484 841 610 882 τοίους
634 841 717 880 ἴδον
742 838 883 891 ἀνέρας
908 837 996 878 οὐδὲ
1020 839 1173 888 ἴδωμαι,

234 909 316 948 οἷον
342 908 551 959 Πειρίθοόν
575 923 618 947 τε
644 905 828 958 Δρύαντά
853 922 906 950 τε,
933 903 1099 955 ποιμένα
1122 907 1243 949 λαῶν,

234 974 379 1016 Καινέα
403 974 436 1015 τ’
461 973 644 1025 Ἐξάδιόν
669 990 712 1014 τε
738 972 800 1013 καὶ
826 972 1005 1012 ἀντίθεον
1031 970 1293 1022 Πολύφημον,

233 1039 375 1090 Θησέα
399 1040 431 1081 τ’
457 1039 656 1092 Αἰγεΐδην,
685 1039 904 1080 ἐπιείκελον
931 1035 1204 1078 ἀθανάτοιο-ιν·
1503 1039 1563 1077 265

234 1103 433 1155 κάρτιστοι
457 1103 502 1153 δὴ
529 1107 648 1143 κεῖνοι
673 1103 909 1155 ἐπιχθονίων
934 1101 1083 1153 τράφεν
1109 1102 1273 1153 ἀνδρῶν·

233 1170 433 1221 κάρτιστοι
457 1172 529 1220 μὲν
554 1169 651 1210 ἕσαν
676 1170 739 1210 καὶ
763 1169 987 1221 καρτίστοις
1012 1167 1219 1221 ἐμάχοντο,

232 1237 382 1287 φηρσὶν
411 1234 657 1290 ὀρεσκῴοισι,
686 1236 747 1276 καὶ
773 1235 980 1287 ἐκπάγλως
1005 1235 1254 1275 ἀπόλεσσαν.

233 1302 294 1342 καὶ
317 1304 389 1352 μὲν
413 1306 540 1342 τοῖσιν
567 1303 643 1354 ἐγὼ
667 1303 902 1353 μεθομίλεον
927 1303 968 1341 ἐκ
996 1301 1131 1341 Πύλου
1157 1301 1298 1346 ἐλθών,

231 1369 399 1418 τηλόθεν
424 1367 469 1418 ἐξ
492 1369 607 1418 ἀπίης
631 1369 756 1420 γαίης·
795 1367 1016 1408 καλέσαντο
1042 1368 1116 1419 γὰρ
1143 1367 1263 1407 αὐτοί·
1492 1377 1554 1408 270

233 1435 294 1474 καὶ
319 1436 503 1487 μαχόμην
530 1435 610 1474 κατ’
637 1435 695 1485 ἔμ’
721 1434 837 1475 αὐτὸν
863 1435 954 1486 ἐγώ·
993 1435 1157 1475 κείνοισι
1183 1433 1214 1474 δ’
1239 1433 1288 1475 ἂν
1313 1433 1357 1474 οὔ
1382 1448 1440 1474 τις

232 1504 308 1541 τῶν
332 1501 367 1541 οἳ
392 1505 459 1542 νῦν
483 1501 625 1553 βροτοί
647 1503 749 1542 εἰσιν
776 1502 993 1554 ἐπιχθόνιοι
1018 1500 1220 1553 μαχέοιτο·

233 1568 294 1607 καὶ
318 1566 389 1617 μέν
414 1584 485 1618 μευ
509 1567 691 1618 βουλέων
716 1566 845 1618 ξύνιεν
870 1568 1054 1608 πείθοντό
1078 1584 1121 1608 τε
1144 1567 1265 1621 μύθῳ·

232 1634 337 1673 ἀλλὰ
362 1634 527 1674 πίθεσθε
554 1635 614 1675 καὶ
638 1635 772 1685 ὔμμες,
801 1634 886 1675 ἐπεὶ
910 1635 1118 1674 πείθεσθαι
1144 1633 1317 1685 ἄμεινον·

230 1698 327 1749 μήτε
352 1700 401 1740 σὺ
426 1699 529 1740 τόνδ’
555 1701 702 1752 ἀγαθός
727 1718 799 1752 περ
826 1701 899 1741 ἐὼν
925 1701 1112 1752 ἀποαίρεο
1140 1701 1293 1753 κούρην,
1493 1711 1555 1741 275

232 1766 321 1806 ἀλλ’
346 1766 401 1811 ἔα,
430 1766 480 1808 ὥς
505 1768 540 1807 οῖ
565 1771 699 1818 πρῶτα
723 1768 846 1807 δόσαν
866 1766 984 1819 γέρας
1008 1768 1087 1808 υἷες
1112 1766 1299 1819 Ἀχαιῶν·

230 1831 326 1883 μήτε
351 1832 413 1878 σύ,
442 1832 631 1884 Πηλεΐδη,
659 1833 762 1874 ἔθελ’
788 1833 1004 1885 ἐριζέμεναι
1029 1835 1201 1883 βασιλῆϊ

231 1899 427 1949 ἀντιβίην,
456 1900 539 1939 ἐπεὶ
564 1900 608 1939 οὗ
633 1899 720 1939 ποθ’
748 1900 883 1950 ὁμοίης
908 1899 1050 1950 ἔμμορε
1076 1902 1190 1950 τιμῆς

232 1968 480 2018 σκηπτοῦχος
505 1966 712 2016 βασιλεύς,
742 1964 770 2020 ᾧ
798 1983 839 2006 τε
866 1966 963 2007 Ζεὺς
990 1968 1100 2008 κῦδος
1126 1967 1283 2006 ἔδωκεν.

231 2031 264 2070 εἰ
290 2032 330 2070 δὲ
356 2031 406 2071 σὺ
432 2033 616 2083 καρτερός
642 2034 748 2078 ἐσσι,
777 2034 845 2072 θεὰ
871 2031 914 2072 δέ
939 2049 986 2072 σε
1011 2034 1168 2084 γείνατο
1192 2031 1330 2084 μήτηρ,
1493 2035 1556 2066 280

231 2096 321 2137 ἀλλ’
346 2097 368 2136 ὅ
393 2114 437 2149 γε
463 2097 652 2150 φέρτερός
679 2101 802 2144 ἐστιν,
832 2099 915 2138 ἐπεὶ
940 2100 1184 2139 πλεόνεσσιν
1211 2098 1393 2139 ἀνάσσει.

275 2190 338 2228 258
369 2191 492 2228 βουλὴν
514 2189 573 2220 Ar.
603 2191 669 2230 (καὶ
695 2192 728 2222 ἐν
751 2192 793 2233 τῇ
817 2190 1011 2230 ramim,
1037 2189 1143 2228 Did),
1171 2187 1336 2220 ΑΒοΡῑ·
1348 2187 1427 2219 1³12:
1459 2190 1563 2230 βουλῇ
1597 2170 1603 2175 ”

233 2232 443 2273 Heraclides,
463 2234 551 2272 vulg.
721 2236 784 2264 260
811 2236 882 2274 ὑμῖν
898 2234 978 2264 Zen.
999 2234 1086 2272 vulg.
1107 2245 1113 2263 z
1138 2233 1213 2272 ἡμῖν
1230 2233 1288 2264 ΑΓ.
1308 2243 1329 2263 ο
1345 2232 1376 2262 Α
1389 2230 1430 2262 Ι,8
1442 2231 1497 2262 L¹0
1509 2231 1564 2262 L¹3

232 2275 277 2306 N⁴¹
288 2276 328 2306 V¹
348 2276 389 2308 al.
487 2278 550 2315 265
575 2287 640 2308 om.
657 2278 747 2316 vulg.
771 2278 822 2316 (=
840 2277 922 2308 Hes.
944 2277 1035 2308 Scut.
1060 2278 1133 2314 182)
1150 2288 1156 2307 ;
1184 2276 1259 2307 hab.
1277 2281 1330 2308 be
1347 2276 1402 2315 aL,
1423 2276 1477 2306 cit.
1498 2275 1562 2306 Dio

232 2319 356 2360 Chrys.
375 2329 425 2359 57.
448 2329 474 2359 Ι,
495 2319 592 2350 Paus.
612 2331 642 2350 x.
664 2331 713 2359 29.
739 2331 776 2350 10
899 2322 962 2350 268
987 2321 1097 2361 θηρσὶν
1112 2319 1209 2350 th
1336 2328 1395 2358 271
1422 2318 1565 2358 ἐμωυτὸν

232 2362 312 2394 Zen.
334 2362 391 2393 L15
512 2373 575 2401 273
601 2363 702 2403 ξύνιεν
719 2364 776 2395 ΛΓ.
797 2364 826 2394 Α
839 2364 865 2394 Β
879 2364 904 2395 C
920 2363 1048 2395 L13V4:
1074 2363 1177 2405 ξύνιον
1193 2367 1256 2394 cet.
1386 2363 1445 2393 281
1473 2362 1489 2394 ὅ
1504 2360 1562 2403 γε]

233 2407 284 2438 ὅδε
301 2405 429 2438 hiAss
443 2406 517 2445 CT,
538 2407 596 2438 cit.
616 2407 689 2439 Nic.
