1660 2802
681 149 714 183 8.
789 143 1047 180 IAIAAOE
1096 144 1134 181 Θ

244 246 363 297 αὐτὰρ
389 248 473 286 ἐπεὶ
498 246 561 286 διά
585 262 626 286 τε
653 247 855 287 σκόλοπας
883 246 943 286 καὶ
970 245 1122 297 τάφρον
1147 247 1304 297 ἔβησαν

246 313 473 364 φεύγοντες,
502 312 648 352 πολλοὶ
674 314 715 352 δὲ
741 311 863 362 δάμεν
888 312 1035 364 Τρώων
1059 312 1135 352 ὑπὸ
1162 314 1315 366 χερσίν,

244 381 279 419 οἱ
304 381 376 429 μὲν
403 379 446 429 δὴ
474 381 577 431 παρὰ
602 379 741 429 νηυσὶν
767 379 976 430 ἐρητύοντο
1003 378 1200 429 μένοντες,

244 444 463 495 ἀλλήλοισί
486 463 528 485 τε
555 446 783 496 κεκλόμενοι
810 446 870 486 καὶ
896 447 995 486 πᾶσι
1022 448 1148 486 θεοῖσι

242 515 378 565 χεῖρας
402 513 637 565 ἀνίσχοντες
661 511 803 564 μεγάλ’
830 512 1072 565 εὐχετόωντο
1100 513 1279 554 ἕκαστος·

235 577 392 630 ’Έκτωρ
417 578 449 618 δ’
476 579 842 631 ἀμφιπεριστρώφα
871 580 1128 632 καλλίτριχας
1153 580 1305 625 ἵππους,

243 648 414 696 Γοργοῦς
439 645 579 696 ὄμματ’
605 645 710 698 ἔχων
735 645 803 695 ἠδὲ
831 649 1096 698 βροτολοιγοῦ
1113 644 1272 697 ”Αρηος.

306 712 408 752 Τοὺς
434 714 475 752 δὲ
505 711 628 752 ἰδοῦσ’
656 711 800 762 ἐλέησε
830 714 899 752 θεὰ
923 713 1168 754 λευκώλενος
1186 711 1308 763 Ἵῖρη,

241 777 343 829 αἶψα
369 777 400 818 δ’
427 778 641 829 Ἀθηναίην
667 779 763 819 ἔπεα
790 779 1004 831 πτερόεντα
1028 779 1247 830 προσηύδα·

243 846 266 861 “
285 843 314 883 ὢ
340 845 473 890 πόποι,
501 846 697 898 αἰγιόχοιο
726 845 822 887 Διὸς
848 845 971 891 τέκος,
1000 844 1128 885 οὐκέτι
1153 849 1222 885 νῶϊ

241 910 469 961 ὀλλυμένων
496 915 664 952 Δαναῶν
693 911 974 963 κεκαδησόμεθ’
1000 911 1186 952 ὑστάτιόν
1210 928 1301 963 περ,·

242 979 282 1017 οἵ
304 994 368 1018 κεν
394 978 438 1028 δὴ
467 978 584 1019 κακὸν
611 979 717 1019 οἶτον
746 979 1048 1030 ἀναπλήσαντες
1072 980 1244 1019 ὄλωνται

242 1044 381 1095 ἀνδρὸς
407 1045 493 1087 ἑνὸς
519 1046 624 1102 ῥιπῇ,
654 1047 674 1085 ὁ
703 1048 744 1086 δὲ
768 1046 946 1097 μαίνεται
972 1044 1095 1085 οὐκέτ’
1120 1046 1289 1087 ἀνεκτῶς

233 1110 389 1162 ’Έκτωρ
419 1114 651 1167 Πριαμίδης,
681 1113 742 1152 καὶ
769 1113 813 1162 δὴ
845 1114 942 1152 κακὰ
968 1114 1101 1153 πολλὰ
1127 1111 1280 1164 ἕοργε.”

308 1177 391 1227 Τὴν
417 1178 447 1218 δ’
476 1179 566 1219 αὖτε
592 1179 804 1230 προσέειπε
836 1180 904 1219 θεὰ
930 1182 1155 1231 γλαυκῶπις
1180 1177 1339 1229 Ἀθήνη·

242 1248 265 1261 “
284 1244 345 1284 καὶ
371 1247 460 1295 λίην
488 1245 599 1286 οὗτός
624 1263 669 1297 γε
695 1245 812 1297 μένος
838 1247 958 1296 θυμόν
984 1245 1016 1284 τ’
1042 1245 1211 1291 ὀλέσειε,

240 1311 380 1364 χερσὶν
406 1312 468 1351 ὑπ’
500 1311 691 1364 Ἀργείων
716 1314 906 1364 φθίμενος
934 1314 975 1352 ἐν
1001 1313 1155 1364 πατρίδι
1179 1313 1283 1367 γαίῃ·

240 1379 346 1418 ἀλλὰ
372 1378 496 1431 πατὴρ
527 1379 643 1430 οὑμὸς
670 1380 790 1431 φρεσὶ
815 1380 994 1430 μαίνεται
1021 1379 1088 1418 οὐκ
1113 1380 1298 1435 ἀγαθῇσι,

240 1446 440 1499 σχέτλιος,
473 1448 557 1486 αἰὲν
583 1447 752 1498 ἀλιτρός,
782 1447 885 1496 ἐμῶν
910 1445 1058 1496 μενέων
1085 1445 1294 1497 ἀπερωεύς·

239 1512 328 1552 οὐδέ
352 1530 387 1553 τι
412 1516 488 1553 τῶν
512 1513 715 1564 μέμνηται,
748 1514 770 1552 ὅ
796 1515 831 1553 οἱ
855 1512 964 1563 μάλα
989 1512 1183 1554 πολλάκις
1207 1510 1290 1552 υἱὸν

239 1581 461 1632 τειρόμενον
488 1580 670 1620 σώεσκον
695 1580 758 1620 ὑπ’
789 1579 1018 1631 Εὐρυσθῆος
1043 1578 1208 1619 ἀέθλων.

239 1646 323 1697 ἤτοι
349 1647 369 1685 ὁ
392 1649 464 1698 μὲν
491 1647 677 1687 κλαίεσκε
704 1647 799 1699 πρὸς
824 1646 1001 1698 οὐρανόν,
1031 1646 1152 1697 αὐτὰρ
1177 1647 1244 1696 ἐμὲ
1270 1645 1367 1687 Ζεὺς

238 1718 290 1769 τῷ
317 1713 648 1765 ἐπαλεξήσουσαν
673 1713 740 1754 ἀπ’
766 1713 976 1765 οὐρανόθεν
1003 1712 1231 1764 προΐαλλεν.

239 1782 272 1821 εἰ
296 1783 371 1834 γὰρ
397 1782 473 1834 ἐγὼ
499 1781 590 1821 τάδε
615 1780 692 1837 ᾔδε’
718 1781 774 1821 ἐνὶ
801 1781 922 1833 φρεσὶ
951 1780 1252 1835 πευκαλίμῃσιν,

238 1847 324 1888 εὖτέ
348 1865 414 1899 μιν
440 1850 494 1890 εἰς
520 1847 654 1887 Ἀίδαο
681 1847 882 1900 πυλάρταο
908 1847 1169 1899 προῦπεμψεν

238 1915 284 1966 ἐξ
306 1915 496 1966 Ἐρέβευς
521 1914 667 1965 ἄξοντα
696 1915 790 1955 κύνα
815 1917 1007 1966 στυγεροῦ
1032 1912 1179 1958 Ἀΐδαο,

237 1982 304 2022 οὐκ
330 1981 377 2022 ἂν
401 1981 625 2034 ὑπεξέφυγε
651 1980 800 2034 Στυγὸς
828 1983 967 2021 ὕδατος
994 1981 1090 2020 αἰπὰ
1113 1978 1265 2031 ῥέεθρα.

236 2052 304 2088 νῦν
329 2048 361 2088 δ’
388 2049 452 2099 ἐμὲ
480 2051 552 2098 μὲν
579 2047 748 2100 στυγέει,
778 2047 946 2089 Θέτιδος
973 2046 1006 2086 δ’
1033 2045 1199 2097 ἐξήνυσε
1223 2043 1387 2096 βουλάς,

236 2115 261 2164 ἥ
285 2117 320 2155 οἱ,
344 2114 501 2167 γούνατ’
528 2115 672 2154 ἔκυσσε
701 2116 762 2155 καὶ
788 2114 941 2165 ἔλλαβε
966 2113 1069 2167 χειρὶ
1097 2113 1261 2165 γενείου,

235 2181 458 2233 λισσομένη
485 2184 646 2232 τιμῆσαι
671 2181 870 2234 Ἀχιλλῆα
894 2181 1176 2232 πτολίπορθον.

237 2247 348 2288 ἔσται
372 2250 449 2298 μὰν
474 2247 530 2287 ὅτ’
556 2247 603 2287 ἂν
629 2248 718 2287 αὖτε
744 2249 868 2300 φίλην
893 2246 1148 2298 γλαυκώπιδα
1174 2247 1277 2301 εἴπῃ.

279 2345 343 2375 349
368 2335 521 2377 Γοργόνος
538 2335 619 2367 Zen.
719 2339 822 2377 οἴματ’
840 2337 897 2368 Ar.
993 2337 1028 2375 ἠὲ
1045 2337 1126 2368 Zen.
1150 2337 1190 2368 1³5
1208 2349 1293 2369 corr.

1507 394 1568 426 345

1507 725 1569 757 350

1506 1058 1567 1090 355

1502 2054 1563 2088 370

1401 2348 1464 2378 355
1490 2340 1560 2371 ἀνε-

235 2382 316 2412 κτῶς
333 2378 390 2409 Ar.
409 2379 498 2419 vulg.
520 2391 526 2409 :
551 2380 668 2418 ἆνεκτῆ
687 2379 741 2410 P¹¹
753 2379 806 2411 Vi¹
824 2392 830 2411 :
855 2382 972 2413 ἀνεκτὰ
990 2381 1038 2411 M⁴
1203 2384 1266 2420 366
1292 2395 1325 2413 ευ
1342 2395 1404 2422 γαρ
1421 2395 1485 2424 εγω
1501 2381 1560 2430 12¹⁸

321 2433 472 2462 371-372
497 2433 560 2453 om.
577 2422 669 2461 Zeu„
684 2424 750 2455 ath.
768 2423 824 2455 Ar.
929 2434 992 2464 373
1017 2425 1149 2457 ἔσσεται
1163 2425 1245 2467 ἦμαρ
1258 2437 1279 2462 q
1291 2425 1337 2455 U⁶³
1349 2424 1407 2455 V¹⁸

235 2476 296 2506 pro
313 2467 375 2506 μὰν
393 2466 440 2496 M‘
456 2466 516 2496 v2‘o
531 2466 577 2496 υτ
590 2477 674 2497 001-12

1482 2427 1558 2464 μάλ’
