1660 2802
672 167 707 201 6.
783 161 1038 199 ΙᾹΙΑΔΟΣ
1085 162 1116 199 Ζ

232 272 282 327 πῇ
309 271 386 321 ἔβη
412 268 663 322 Ἀνδρομάχη
690 269 934 309 λευκώλενος
960 269 1003 308 ἐκ
1027 267 1234 320 μεγάροιο,·

230 337 276 387 ἠέ
301 354 352 393 πῃ
379 339 418 378 ἐς
441 336 600 389 γαλόων
625 333 647 385 ἦ
675 334 885 387 εἰνατέρων
910 334 1129 381 ἐϋπέπλων,

232 403 255 453 ἦ
280 406 319 444 ἐς
344 403 554 453 Ἀθηναίης
581 401 791 455 ἐξοίχεται,
824 401 918 441 ἔνθα
947 418 1018 453 περ
1044 400 1166 441 ἄλλαι

231 470 363 524 Τρῳαὶ
391 470 631 519 ἐϋπλόκαμοι
657 468 787 517 δεινὴν
813 467 904 508 θεὸν
930 466 1183 514 ἱλάσκονται,·

298 536 379 576 Τὸν
404 535 436 575 δ’
462 535 544 575 αὖτ’
569 534 710 586 ὀτρηρὴ
737 535 853 585 ταμίη
880 534 976 587 πρὸς
999 537 1123 585 μῦθον
1148 534 1290 574 ἔειπεν·

235 602 430 653 “’Έκτορ,
463 602 547 642 ἐπεὶ
572 600 664 652 μάλ’
690 600 845 653 ἄνωγας
871 600 1020 650 ἀληθέα
1043 599 1309 651 μυθήσασθαι,

233 670 321 709 οὔτε
347 686 399 724 πῃ
425 670 464 709 ἐς
488 669 646 720 γαλόων
672 667 752 707 οὔτ’
779 667 986 718 εἰνατέρων
1013 666 1221 707 ἐϋπέπλων

234 735 313 775 οὔτ’
339 737 378 776 ἐς
403 734 615 784 Ἀθηναίης
642 733 852 787 ἐξοίχεται,
881 733 973 773 ἔνθα
998 750 1070 785 περ
1095 733 1217 773 ἄλλαι

233 802 364 855 Τρῳαὶ
391 802 631 852 ἐϋπλόκαμοι
657 800 787 850 δεινὴν
813 800 902 840 θεὸν
928 798 1174 845 ἱλάσκονται,

235 868 325 908 ἀλλ’
351 868 414 908 ἐπὶ
441 868 589 919 πύργον
615 867 689 918 ἔβη
715 867 840 919 μέγαν
865 866 999 912 Ἰλίου,
1027 866 1151 906 οὕνεκ’
1178 865 1323 906 ἄκουσε

234 937 432 987 τείρεσθαι
455 937 606 985 Τρῶας,
634 933 736 986 μέγα
761 936 802 974 δὲ
830 932 969 985 κράτος
994 933 1094 973 εἶναι
1118 932 1306 985 Ἀχαιῶν.

235 1002 256 1051 ἡ
282 1003 353 1051 μὲν
379 1000 423 1050 δὴ
450 1000 546 1052 πρὸς
570 1004 702 1053 τεῖχος
730 999 962 1052 ἐπειγομένη
989 998 1187 1051 ἀφικάνει,

234 1066 447 1123 μαινομένῃ
473 1068 608 1107 ἐϊκυῖα·
647 1066 760 1118 φέρει
785 1066 816 1105 δ’
845 1067 925 1117 ἅμα
950 1068 1067 1106 παῖδα
1091 1064 1267 1116 τιθήνη.”

297 1133 354 1173 '’‘H
379 1134 428 1185 ῥα
452 1133 548 1185 γυνὴ
574 1135 704 1184 ταμίη,
734 1134 753 1171 ὁ
778 1133 810 1172 δ’
838 1132 1044 1173 ἀπέσσυτο
1070 1133 1246 1183 δώματος
1264 1130 1423 1183 “Ἐκτωρ

235 1200 306 1250 τὴν
331 1199 450 1249 αὐτὴν
475 1199 566 1240 ὁδὸν
591 1200 696 1240 αὖτις
722 1199 948 1250 ἐϋκτιμένας
976 1198 1057 1238 κατ’
1083 1197 1233 1251 ἀγυιάς.

237 1267 322 1307 εὖτε
349 1267 474 1307 πύλας
504 1267 612 1306 ἵκανε
637 1266 890 1319 διερχόμενος
915 1264 1018 1317 μέγα
1043 1264 1142 1305 ἄστυ

236 1332 391 1378 Σκαιάς,
419 1333 465 1388 τῇ
491 1332 551 1384 ἄρ’
577 1332 721 1383 ἔμελλε
747 1331 958 1382 διεξίμεναι
984 1333 1176 1377 πεδίονδε,

237 1399 315 1439 ἔνθ’
341 1398 490 1451 ἄλοχος
516 1399 742 1450 πολύδωρος
768 1399 921 1448 ἐναντίη
950 1397 1047 1447 ἦλθε
1073 1397 1219 1438 θέουσα

235 1465 498 1518 Ἀνδρομάχη,
527 1464 697 1517 θυγάτηρ
722 1463 991 1517 μεγαλήτορος
1017 1464 1246 1510 Ἠετίωνος,

236 1532 418 1576 Ἠετίων,
445 1531 487 1572 ὃς
514 1532 641 1571 ἔναιεν
668 1531 742 1571 ὑπὸ
768 1530 917 1585 Πλάκῳ
944 1530 1139 1586 ὑληέσσῃ,

238 1597 360 1653 Θήβῃ
385 1597 648 1653 (Ὑποπλακίῃ,
678 1596 887 1637 Κιλίκεσσ’
913 1597 1127 1649 ἄνδρεσσιν
1153 1596 1356 1637 ἀνάσσων·

236 1668 304 1703 τοῦ
330 1681 403 1715 περ
428 1663 472 1713 δὴ
500 1663 670 1715 θυγάτηρ
696 1663 803 1717 ἔχεθ’
821 1662 985 1715 “Enopa
1009 1663 1324 1719 χαλκοκορυστῇ.

235 1731 260 1780 ἥ
286 1732 321 1770 οἱ
347 1729 465 1770 ἔπειτ’
490 1729 641 1780 ἤντησ’,
669 1730 748 1781 ἅμα
773 1729 805 1769 δ’
831 1730 1061 1781 ἀμφίπολος
1087 1731 1168 1770 κίεν
1191 1729 1288 1786 αὐτῇ

237 1796 342 1836 παῖδ’
369 1797 432 1836 ἐπὶ
459 1797 592 1850 κόλπῳ
618 1795 756 1849 ἔχουσ’
783 1796 1056 1849 ἀταλάφρονα,
1085 1795 1226 1846 νήπιον
1251 1796 1387 1841 αὕτως,

235 1862 467 1914 Ἑκτορίδην
493 1863 708 1914 ἀγαπητόν,
739 1864 918 1915 ἀλίγκιον
945 1862 1083 1914 ἀστέρι
1109 1863 1223 1917 καλῷ,

236 1930 305 1969 τόν
329 1929 362 1980 ῥ’
381 1928 537 1980 ‘'Em-cop
563 1928 755 1970 καλέεσκε
782 1928 1063 1979 Σκαμάνδριον,
1091 1929 1211 1980 αὐτὰρ
1235 1930 1270 1970 οἱ
1293 1928 1412 1969 ἄλλοι

237 1994 508 2035 Ἀστυάνακτ’·
547 1995 627 2036 οἶος
652 1997 726 2048 γὰρ
756 1996 887 2047 ἐρύετο
909 1995 1036 2035 Ἴλιον
1054 1994 1224 2046 ’Έκτωρ.

237 2061 323 2111 ἤτοι
348 2062 368 2100 ὁ
392 2063 465 2111 μὲν
489 2063 676 2112 μείδησεν
704 2063 795 2102 ἰδὼν
822 2064 861 2103 ἐς
887 2065 1006 2102 παῖδα
1032 2067 1174 2119 σιωπῇ·

239 2126 485 2180 Ἀνδρομάχη
512 2127 554 2167 δέ
579 2130 615 2168 οἱ
641 2128 736 2181 ἄγχι
764 2130 982 2180 παρίστατο
1007 2127 1126 2180 δάκρυ
1149 2127 1313 2181 χέουσα,

238 2193 280 2234 ἔν
304 2194 337 2233 τ’
362 2194 435 2245 ἄρα
460 2195 494 2233 οἱ
521 2198 575 2246 φῦ
599 2195 701 2247 χειρὶ
733 2194 826 2236 ἔπος
850 2194 884 2233 τ’
912 2194 1026 2247 ἔφατ’
1055 2194 1098 2234 ἔκ
1122 2194 1155 2234 τ’
1181 2194 1357 2245 ὀνόμαζε·

240 2261 466 2311 δ’δαιμόνιε,
495 2262 632 2312 φθίσει
659 2278 705 2301 σε
730 2261 773 2300 τὸ
799 2261 872 2301 σὸν
897 2260 1026 2312 μένος,
1055 2260 1134 2300 οὐδ’
1162 2262 1350 2312 ἐλεαίρεις

1492 471 1554 510 380

1496 1142 1557 1175 390

1496 1475 1558 1507 395

1492 1808 1559 1839 400

1493 2137 1556 2170 405

277 2353 368 2390 3803
393 2351 442 2391 (ι-
457 2350 533 2390 386)
555 2352 584 2381 Α
600 2350 722 2381 L¹'-'V¹'3
734 2350 933 2382 V1-·V2·2V‘-’³³
952 2350 994 2382 al.
1122 2359 1185 2390 393
1208 2351 1250 2392 τῇ
1267 2349 1297 2380 τ’
1314 2349 1408 2380 fU¹z
1433 2351 1474 2391 τῇ
1491 2347 1518 2380 δ’
1535 2358 1560 2385 g·

234 2396 275 2426 al.
290 2409 298 2427 ·.
325 2397 366 2437 τῇ
382 2394 444 2436 γὰρ
464 2404 483 2424 e
585 2394 728 2435 διεξιέναι
746 2405 764 2425 e
776 2399 824 2432 gl
841 2395 882 2426 al.
1043 2404 1109 2432 400
1133 2392 1199 2433 ἐπὶ]
1219 2394 1264 2426 ἐνὶ
1281 2403 1303 2430 q
1315 2391 1368 2422 L¹⁰
1381 2391 1435 2423 L¹⁹
1449 2391 1494 2422 U⁶
1504 2390 1560 2422 V¹⁰

233 2437 293 2468 V2’3
312 2438 352 2469 al.
444 2436 566 2470 κόλπον
581 2441 604 2468 b
617 2440 639 2467 d
650 2447 674 2474 g·
684 2442 698 2468 i
708 2448 732 2474 p
