1624 2802
534 114 567 148 7.
642 110 899 148 ῙΛῙΑΔΟΣ
948 112 985 148 H

165 211 245 253 Τὸν
270 214 311 253 δὲ
335 210 422 264 μέγ’
448 210 626 265 ὀχθήσας
654 212 839 265 προσέφη
867 214 1159 266 νεφεληγερέτα
1186 216 1294 258 Ζεύς·

104 278 173 319 “ib
197 279 329 324 πόποι,
359 278 573 331 ἐννοσίγαι’
600 279 842 331 εὐρυσθενές,
871 281 954 320 οἷον
981 280 1118 322 ἔειπες.
1354 296 1416 327 455

101 346 223 387 ἄλλος
249 344 314 385 κέν
339 361 396 386 τις
420 349 534 385 τοῦτο
559 348 658 385 θεῶν
685 347 830 386 δείσειε
855 347 992 397 νόημα,

101 412 142 454 ὃς
167 411 236 452 σέο
262 411 414 452 πολλὸν
441 412 710 464 ἀφαυρότερος
734 411 871 465 χεῖράς
895 430 936 453 τε
961 413 1077 463 μένος
1101 430 1155 454 τε·

103 478 174 519 σὸν
199 478 230 518 δ’
256 477 342 528 ἤτοι
369 477 482 520 κλέος
508 478 621 518 ἔσται
647 480 746 518 ὅσον
771 478 804 517 τ’
831 480 1073 519 ἐπικίδναται
1097 480 1186 529 ἠώς.

102 545 211 598 ἄγρει
234 543 324 596 μάν,
352 543 406 583 ὅτ’
432 544 479 585 ἂν
505 544 596 585 αὖτε
622 543 716 596 κάρη
744 546 962 595 κομόωντες
987 545 1141 599 Ἀχαιοὶ

102 613 285 664 οἴχωνται
311 611 385 651 σὺν
410 611 524 661 νηυσὶ
552 612 677 663 φίλην
703 612 742 653 ἐς
767 613 934 663 πατρίδα
960 615 1086 663 γαῖαν,
1354 617 1418 657 460

101 681 231 730 τεῖχος
257 676 475 729 ἀναρρήξας
500 678 544 717 τὸ
568 679 640 728 μὲν
666 679 720 719 εἰς
745 677 823 718 ἅλα
849 681 926 718 πᾶν
952 683 1174 731 καταχεῦαι,

102 744 207 786 αῧτις
232 743 264 784 δ’
289 743 402 794 ἠϊόνα
425 743 604 797 μεγάλην
628 743 856 797 ψαμάθοισι
882 745 1071 797 καλύψαι,

102 812 152 852 ὥς
177 810 242 850 κέν
267 827 327 850 τοι
350 809 452 862 μέγα
476 815 608 864 τεῖχος
634 811 902 862 ἀμαλδύνηται
926 811 1137 864 Ἀχαιῶν.”

161 875 239 919 ιχΩς
265 878 300 917 οἱ
324 879 396 927 μὲν
422 881 579 917 τοιαῦτα
604 877 701 929 πρὸς
727 877 926 927 ἀλλήλους
952 879 1152 930 ἀγόρευον,

102 944 242 984 δύσετο
268 943 299 983 δ’
324 943 470 994 ἠέλιος,
497 944 710 984 τετέλεστο
736 946 777 984 δὲ
803 945 918 996 ἔργον
945 944 1129 997 Ἀχαιῶν,
1357 949 1418 988 465

102 1011 327 1062 βουφόνεον
353 1012 394 1051 δὲ
421 1012 515 1050 κατὰ
543 1012 699 1052 κλισίας
727 1012 787 1051 καὶ
813 1012 958 1062 δόρπον
985 1012 1136 1051 ἕλοντο.

103 1079 190 1127 νῆες
215 1076 246 1117 δ’
273 1078 314 1117 ἐκ
341 1076 515 1127 Λήμνοιο
541 1077 799 1129 παρέστασαν
826 1077 932 1118 οἶνον
959 1078 1125 1130 ἄγουσαι

103 1145 262 1189 πολλαί,
290 1146 359 1186 τὰς
385 1143 574 1195 προέηκεν
599 1144 819 1195 Ἰησονίδης
846 1144 1009 1195 Εὔνηος,

103 1211 170 1250 τόν
193 1210 232 1262 ῥ’
259 1210 361 1264 ἔτεχ’
387 1210 590 1263 ’Ὑψιπύλη
617 1210 680 1251 ὑπ’
706 1210 868 1260 Ἰήσονι,
896 1210 1051 1262 ποιμένι
1076 1214 1195 1251 λαῶν.

103 1277 222 1330 χωρὶς
247 1276 278 1316 δ’
304 1276 517 1333 Ἀτρεΐδῃς,
546 1277 813 1329 Ἀγαμέμνονι
839 1278 900 1318 καὶ
928 1277 1135 1331 Μενελάῳ,
1355 1291 1419 1322 470

104 1347 224 1384 δῶκεν
249 1343 468 1394 Ἰησονίδης
493 1344 639 1396 ἀγέμεν
664 1344 771 1395 μέθυ,
800 1346 913 1397 χίλια
936 1344 1070 1396 μέτρα.

104 1409 214 1450 ἔνθεν
240 1409 298 1462 ἄρ’
324 1411 515 1460 οἰνίζοντο
542 1409 637 1462 κάρη
666 1412 884 1461 κομόωντες
910 1410 1078 1464 Ἀχαιοί,

103 1475 219 1517 ἄλλοι
243 1479 315 1527 μὲν
340 1481 490 1532 χαλκῷ,
517 1477 636 1517 ἄλλοι
662 1477 692 1517 δ’
719 1479 856 1518 αἴθωνι
882 1476 1040 1532 σιδήρῳ,

104 1542 220 1583 ἄλλοι
246 1546 287 1584 δὲ
313 1544 446 1595 ῥινοῖς,
473 1544 593 1583 ἄλλοι
618 1544 650 1583 δ’
676 1544 817 1600 αὐτῇσι
840 1545 1026 1595 βόεσσιν,

103 1608 218 1649 ἄλλοι
244 1609 275 1650 δ’
301 1611 606 1662 ἀνδραπόδεσσι·
643 1613 796 1651 τίθεντο
822 1613 863 1650 δὲ
890 1614 1001 1651 δαῖτα
1028 1611 1201 1651 θάλειαν.
1357 1623 1418 1653 473

104 1677 311 1729 παννύχιοι
336 1679 408 1727 μὲν
434 1677 568 1718 ἔπειτα
595 1677 688 1728 κάρη
718 1678 934 1728 κομόωντες
959 1677 1115 1730 Ἀχαιοὶ

103 1743 292 1789 δαίνυντο,
320 1747 453 1795 Τρῶες
479 1746 520 1784 δὲ
549 1746 644 1784 κατὰ
670 1745 811 1784 πτόλιν
837 1744 894 1793 ἠδ’
922 1745 1130 1795 ἐπίκουροι·

103 1810 315 1862 παννύχιος
341 1809 382 1850 δέ
409 1815 508 1861 σφιν
535 1813 631 1850 κακὰ
655 1810 798 1861 μήδετο
823 1812 985 1861 μητίετα
1011 1811 1109 1851 Ζεὺς

103 1875 324 1927 σμερδαλέα
351 1876 535 1918 κτυπέων·
573 1877 663 1919 τοὺς
687 1879 727 1917 δὲ
753 1877 909 1930 χλωρὸν
936 1876 1021 1919 δέος
1045 1876 1139 1933 ᾕρει·

103 1940 209 1981 οἶνον
234 1942 265 1982 δ’
292 1944 333 1983 ἐκ
360 1943 514 1984 δεπάων
540 1943 708 1997 χαμάδις
734 1943 841 1997 χέον,
871 1943 959 1983 οὐδέ
984 1960 1041 1985 τις
1068 1943 1159 1991 ἔτλη
1352 1947 1418 1985 480

103 2008 191 2059 πρὶν
216 2009 351 2055 πιέειν,
380 2011 469 2062 πρὶν
494 2014 635 2062 λεῖψαι
660 2010 866 2062 ὑπερμενέϊ
892 2011 1096 2061 Κρονίωνι.

104 2074 329 2125 κοιμήσαντ’
355 2076 412 2127 ἄρ’
439 2078 573 2118 ἔπειτα
601 2079 662 2118 καὶ
688 2078 810 2117 ὕπνου
837 2080 958 2127 δῶρον
986 2077 1135 2115 ἕλοντο.

145 2167 207 2204 458
231 2166 304 2207 σὺν]
324 2169 372 2199 σοὶ
391 2178 409 2199 c
422 2167 466 2197 ΝἹι
558 2168 634 2199 ὅσον
651 2167 681 2199 τ’
696 2167 776 2198 Zen.
799 2166 887 2205 vulg.
906 2181 911 2197 ι
940 2167 1015 2197 ὅσον
1032 2168 1121 2195 adh
1137 2164 1177 2195 al.
1196 2175 1201 2195 :
1229 2165 1308 2201 ὅσην
1324 2163 1352 2194 τ’
1365 2163 1424 2193 ΑΓ.

101 2206 296 2255 1>¹AU¹V¹
477 2212 539 2250 465
564 2211 590 2243 δ’
607 2216 690 2242 ber
708 2211 738 2241 A
755 2221 798 2241 ss.
820 2210 860 2240 al.
881 2221 886 2239 z
910 2208 939 2240 τ’
957 2208 1043 2247 vulg.
1226 2218 1287 2245 474
1314 2208 1428 2248 αὐτῇσι

102 2258 160 2287 Ar.
198 2258 281 2298 (nv.)
314 2263 336 2289 b
354 2263 418 2295 gh
435 2258 465 2289 A
484 2259 510 2289 Β
530 2259 558 2288 D
576 2259 604 2289 T
635 2260 676 2291 al.
698 2272 704 2290 ε
744 2261 865 2290 αὐτοῖσι
898 2262 960 2288 cet.
1151 2265 1212 2295 475
1245 2255 1311 2286 ath.
1345 2254 1424 2285 Zeu.

102 2298 276 2339 Aristoph.
295 2301 352 2332 Ar.
445 2303 668 2343 ἀνδραπόδοισι
690 2303 747 2332 ΛΓ.
769 2306 793 2332 1ι
810 2312 840 2332 v.
854 2301 873 2331 l.
896 2311 938 2339 ap
968 2300 1060 2331 Eust.
1197 2300 1257 2337 481
1285 2298 1426 2337 πιέμεναι

102 2343 172 2383 πρὶν
188 2342 246 2375 Ar.
268 2349 313 2375 h:
338 2344 447 2384 πιέμεν
463 2347 535 2387 πρὶν
552 2345 596 2376 V3
607 2345 651 2375 V⁰
784 2346 847 2382 482
872 2354 934 2374 om.
957 2343 1036 2373 Zeu.
