1624 2802
562 132 598 167 9.
671 128 930 166 ΙΛΙΑΔΟΣ
980 130 993 165 Ι

119 228 160 270 ὃς
185 231 283 269 κακὰ
308 228 426 269 πόλλ’
452 229 635 280 ἕρδεσκεν
661 229 761 269 ἔθων
786 231 932 279 Οἰνῆος
957 229 1102 280 ἀλωήν·
1374 244 1438 274 540

118 296 252 336 πολλὰ
276 294 308 335 δ’
333 296 355 334 ὅ
378 311 424 347 γε
449 294 701 347 προθέλυμνα
725 297 848 348 χαμαὶ
873 295 977 346 βάλε
1003 296 1164 347 δένδρεα
1187 298 1314 349 μακρὰ

117 361 280 418 αὐτῇσιν
304 362 436 416 ῥίζῃσι
461 361 522 401 καὶ
547 361 678 403 αὐτοῖς
702 360 841 401 ἄνθεσι
865 361 1014 412 μήλων.

117 427 185 468 τὸν
211 427 243 467 δ’
269 426 350 469 υἱὸς
375 429 521 477 Οἰνῆος
547 427 775 467 ἀπέκτεινεν
802 427 1049 479 Μελέαγρος,

119 493 302 534 πολλέων
329 495 371 533 ἐκ
397 495 549 534 πολίων
575 492 790 546 θηρήτορας
815 493 957 545 ἄνδρας
983 495 1140 545 ἀγείρας

119 561 180 600 καὶ
207 560 334 601 κύνας·
375 560 419 600 οὐ
443 562 516 610 μὲν
540 559 616 612 γάρ
643 559 674 599 κ’
701 558 824 610 ἐδάμη
850 560 1034 611 παύροισι
1059 563 1257 611 βροτοῖσι·
1377 573 1438 603 545

118 627 266 667 τόσσος
293 626 373 677 ἔην,
402 626 577 667 πολλοὺς
603 628 643 666 δὲ
670 628 790 677 πυρῆς
816 625 986 676 ἐπέβησ’
1012 627 1230 677 ἀλεγεινῆς.

118 693 141 743 ἡ
167 692 200 732 δ’
225 692 325 745 ἀμφ’
353 692 454 747 αὐτῷ
476 695 569 742 θῆκε
593 692 719 732 πολὺν
746 691 909 732 κέλαδον
937 693 998 732 καὶ
1024 692 1155 742 ἀϋτήν,

121 759 222 811 ἀμφὶ
249 758 343 801 συὸς
370 763 526 816 κεφαλῇ
551 760 612 799 καὶ
637 758 798 811 δέρματι
822 757 1048 811 λαχνήεντι,

121 823 331 877 Κουρήτων
356 842 399 865 τε
423 825 577 877 μεσηγὺ
604 826 665 864 καὶ
692 826 879 864 Αἰτωλῶν
904 825 1149 876 μεγαθύμων.

121 893 227 944 ὄφρα
251 893 322 943 μὲν
349 891 416 932 οὖν
442 890 676 943 Μελέαγρος
701 890 913 942 ἀρηΐφιλος
939 890 1136 940 πολέμιζε,
1379 903 1441 932 55Ο

120 958 250 1010 τόφρα
273 959 315 998 δὲ
343 957 592 1009 Κουρήτεσσι
618 961 742 999 κακῶς
766 957 825 1007 ἦν,
854 956 932 995 οὐδ’
959 957 1144 996 ἐδύναντο

122 1025 274 1077 τείχεος
300 1024 489 1064 ἔκτοσθεν
513 1026 667 1075 μίμνειν
693 1023 834 1064 πολέες
859 1040 931 1074 περ
957 1024 1099 1064 ἐόντες·

122 1090 213 1130 ἀλλ’
239 1091 304 1130 ὅτε
328 1090 373 1139 δὴ
401 1090 635 1142 Μελέαγρον
663 1090 727 1130 ἔδυ
752 1091 887 1142 χόλος,
916 1091 957 1130 ὅς
981 1106 1022 1128 τε
1050 1090 1111 1128 καὶ
1137 1088 1271 1128 ἄλλων

123 1155 268 1197 οἰδάνει
294 1158 336 1196 ἐν
362 1156 559 1206 στήθεσσι
584 1157 674 1196 νόον
700 1156 801 1196 πύκα
827 1172 898 1207 περ
925 1156 1187 1207 φρονεόντων,

119 1222 205 1273 ἤτοι
232 1223 253 1261 ὁ
276 1224 391 1274 μητρὶ
417 1224 517 1278 φίλῃ
542 1222 709 1278 Ἀλθαίῃ
735 1223 935 1275 χωόμενος
961 1224 1029 1273 κῆρ
1377 1232 1438 1262 555

123 1292 223 1328 κεῖτο
251 1291 355 1340 παρὰ
380 1294 535 1345 μνηστῇ
561 1289 709 1342 ἀλόχῳ,
739 1294 839 1344 καλῇ
866 1286 1114 1343 Κλεοπάτρῃ,

122 1355 237 1410 κούρῃ
265 1354 520 1406 Μαρπήσσης
546 1355 821 1406 καλλισφύρου
849 1354 1040 1403 Εὐηνίνης

116 1420 225 1460 Ἴδεώ
253 1421 300 1466 θ’,
328 1421 370 1463 ὃς
396 1420 603 1472 κάρτιστος
629 1422 865 1473 ἐπιχθονίων
890 1419 1015 1471 γένετ’
1041 1420 1191 1470 ἀνδρῶν

120 1490 197 1527 τῶν
222 1487 439 1527 τότε-καί
458 1488 507 1538 ῥα
531 1486 697 1527 ἄνακτος
722 1487 900 1526 ἐναντίον
926 1486 1054 1525 εἵλετο
1078 1484 1193 1535 τόξον

122 1554 277 1603 Φοίβου
303 1553 561 1594 Ἀπόλλωνος
587 1552 864 1603 καλλισφύρου
890 1552 1018 1591 εἵνεκα
1044 1552 1211 1602 νύμφηςἫ
1380 1554 1440 1590 560

121 1618 190 1668 τὴν
215 1621 255 1659 δὲ
281 1619 362 1659 τότ’
389 1620 430 1658 ἐν
455 1617 665 1670 μεγάροισι
689 1617 814 1669 πατὴρ
842 1618 902 1657 καὶ
930 1618 1069 1657 πότνια
1093 1616 1218 1667 μήτηρ

122 1684 340 1735 Ἀλκυόνην
367 1684 583 1724 καλέεσκον
609 1684 824 1734 ἐπώνυμον,
853 1683 977 1723 οὕνεκ’
1003 1683 1062 1733 ἄρ’
1089 1682 1206 1731 αὐτῆς

121 1750 246 1803 μήτηρ
272 1752 462 1791 ἀλκυόνος
488 1750 756 1791 πολυπενθέος
782 1750 888 1789 οἶτον
913 1750 1062 1802 ἔχουσα

124 1821 256 1858 κλαῖεν
282 1818 303 1856 ὅ
326 1834 392 1868 μιν
419 1816 602 1868 ἑκάεργος
628 1816 832 1867 ἀνήρπασε
858 1819 1011 1865 Φοῖβος
1037 1815 1309 1855 Ἀπόλλων-

123 1889 168 1939 τῇ
193 1884 215 1922 ὅ
239 1900 283 1935 γε
310 1882 600 1934 παρκατέλεκτο
627 1883 753 1934 χόλον
779 1881 981 1933 θυμαλγέα
1006 1881 1181 1925 πέσσων,
1379 1881 1441 1920 565

125 1948 170 1999 ἐξ
191 1948 314 2001 ἀρέων
339 1949 484 2000 μητρὸς
511 1947 795 2001 κεχολωμένος,
823 1948 847 1997 ἥ
870 1949 918 1999 ῥα
944 1950 1072 1987 θεοῖσι

125 2015 243 2055 πόλλ’
268 2015 430 2068 ἇχέουσ’
457 2014 577 2066 ἠρᾶτο
603 2014 859 2066 κασιγνήτοιο
885 2015 1038 2065 φόνοιο,

124 2083 254 2120 πολλὰ
279 2083 320 2121 δὲ
347 2082 408 2121 καὶ
434 2085 550 2132 γαῖαν
575 2081 842 2132 πολυφόρβην
867 2080 1006 2132 χερσὶν
1031 2080 1147 2118 ἀλοία

167 2187 230 2215 540
255 2176 377 2219 ἔρρεξεν
396 2175 451 2207 vel
473 2176 595 2218 ἔρρεξεν
613 2176 671 2206 ΑΓ.
692 2181 779 2207 teste
799 2176 908 2206 Amm.
934 2177 997 2207 ’διὰ
1018 2177 1075 2206 τοῦ
1098 2175 1118 2214 ζ’
1134 2175 1323 2216 προφέρεται
1348 2175 1451 2216 ἔρεξεν

125 2221 234 2256 ςοό.“,’;
261 2221 352 2261 ἔοργε
373 2219 408 2249 Ρι
422 2218 465 2248 Vs’
609 2229 668 2258 551
696 2222 760 2251 οὐδ’
780 2219 952 2251 ἐθέλεσκον
970 2219 1139 2257 Aristoph.
1284 2219 1348 2256 558
1372 2218 1448 2249 κάλ·

126 2270 236 2294 λιστος
254 2273 272 2293 c
283 2267 333 2293 hi
349 2263 390 2293 al.
481 2262 605 2303 γένετ’]
619 2262 741 2304 τράφεν
754 2266 768 2292 i
859 2264 920 2300 562
947 2263 1025 2302 αὐτῇ
1043 2260 1098 2290 V¹¹
1110 2259 1167 2290 V¹⁸
1182 2272 1210 2291 v.
1226 2261 1244 2291 1.
1261 2271 1314 2300 ap.
1332 2261 1424 2291 Eust.
1443 2272 1449 2289 τ

127 2307 206 2344 αὐτὴ
226 2304 302 2335 Βῐηῗ·
314 2304 371 2334 V¹⁸
461 2307 522 2343 564
548 2309 659 2337 κλαῖεν
678 2307 693 2336 ὅ
710 2319 763 2343 μιν
781 2305 836 2335 ΛΓ.
858 2310 901 2336 h:
930 2304 1019 2335 κλαῖ’
1039 2305 1092 2335 ὅτε
1110 2318 1161 2342 μιν
1179 2304 1259 2334 Ζοη.
1276 2304 1361 2341 vulg.

127 2349 293 2389 ἀφήρπασε
312 2348 340 2377 Α
356 2346 394 2377 [³¹
409 2348 455 2377 MT
469 2348 513 2376 0ss
525 2347 564 2377 p1
578 2348 639 2377 Um

214 2411 298 2432 nom.
318 2411 361 2431 IL.
1280 2403 1317 2430 13
