1629 2828
523 126 555 160 1.
632 118 889 156 ΙΛΙΑΔΟΣ
950 119 984 155 Α

99 223 362 279 Αἰγαίων’-ὁ
386 224 460 276 γὰρ
485 223 575 264 αὖτε
600 223 695 273 βίην
721 221 764 262 οὗ
789 221 935 274 πατρὸς
959 222 1184 272 ἀμείνων-

98 294 140 335 ὅς
161 293 210 345 ῥα
233 292 337 343 παρὰ
362 290 554 342 Κρονίωνι
581 288 761 338 καθέζετο
788 288 891 328 κύδεϊ
915 288 1052 339 γαίων·
1350 300 1413 332 405

97 358 164 400 τὸν
189 358 250 398 καὶ
274 356 486 398 ὑπέδεισαν
509 354 679 407 μάκαρες
705 355 787 395 θεοὶ
811 353 889 394 οὐδ’
915 353 968 394 ἔτ’
995 354 1155 404 ἔδησαν.

98 428 174 466 τῶν
196 427 263 465 νῦν
285 439 350 474 μιν
374 421 564 474 μνήσασα
588 421 752 473 παρέζεο
779 421 839 460 καὶ
863 422 969 471 λαβὲ
992 420 1156 472 γούνων,

100 492 141 532 αἵ
162 489 226 531 κέν
249 506 331 531 πως
356 488 542 545 ἐθέλῃσιν
567 488 630 528 ἐπὶ
653 487 862 539 Τρώεσσιν
886 485 1036 539 ἀρῆξαι,

99 556 186 599 τοὺς
210 559 250 597 δὲ
275 557 371 596 κατὰ
393 556 569 607 πρύμνας
592 571 635 595 τε
659 554 721 594 καὶ
746 552 844 605 ἀμφ’
869 552 947 593 ἅλα
972 553 1090 593 ἔλσαι
1114 551 1300 606 Ἀχαιοὺς

102 621 377 674 κτεινομένους,
404 622 467 662 ἵνα
492 620 635 663 πάντες
659 620 904 672 ἐπαύρωνται
927 621 1141 670 βασιλῆος,
1353 633 1418 664 410

99 692 178 744 γνῷ
204 691 245 730 δὲ
270 690 332 729 καὶ
356 687 558 741 Ἀτρείδης
584 687 671 739 εὐρὺ
697 688 833 740 κρείων
857 685 1117 738 Ἀγαμέμνων

99 755 147 806 ἢν
172 755 278 806 ἄτην,
306 756 328 794 ὅ
351 754 383 794 τ’
410 754 573 807 ἄριστον
598 753 772 806 Ἀχαιῶν
797 753 908 793 οὐδεν
934 768 1099 793 ετεισεν.
1103 751 1124 765 ”

164 821 244 861 Τὸν
270 821 303 861 δ’
328 820 506 872 ἠμείβετ
533 820 668 861 ἔπειτα
692 819 812 861 Θέτις
837 820 934 859 κατὰ
959 818 1078 870 δάκρυ
1101 817 1266 871 χέουσα·

118 887 172 926 (ὤ
197 903 263 936 μοι
286 886 422 926 τέκνον
449 887 554 936 ἐμόι,
581 887 621 925 τί
643 886 687 925 ιύ
713 885 751 923 σ’
777 885 945 937 ἔτρεφον
970 886 1060 924 αἰνα
1085 887 1271 929 τεκοῦσα;

101 952 177 993 αἵθ’
205 954 348 1004 ὄφελες
372 952 476 1003 παρὰ
500 950 641 1001 νηυσὶν
667 949 876 1002 ἀδάκρυτος
902 949 963 989 καὶ
989 948 1153 999 ἀπήμων
1356 963 1419 993 4¹5

100 1018 231 1069 ἧσθαι,
259 1019 346 1059 ἐπεί
367 1018 412 1058 νύ
436 1034 494 1058 τοι
521 1016 616 1056 αἶσα
639 1015 805 1067 μίνυνθά
829 1033 913 1068 περ,
942 1016 985 1056 οὔ
1010 1031 1047 1055 τι
1069 1014 1178 1066 μάλα
1203 1014 1286 1065 δήν·

101 1088 168 1125 νῦν
193 1083 225 1124 δ’
251 1083 329 1134 ἅμα
351 1083 384 1123 τ’
410 1083 607 1134 ὠκύμορος
631 1082 694 1122 καὶ
718 1082 866 1134 ὀϊζυρὸς
890 1082 978 1133 περὶ
1003 1080 1159 1122 πάντων

102 1151 233 1191 ἔπλεο·
270 1154 322 1190 τῶ
349 1167 397 1190 σε
423 1154 519 1205 κακῇ
543 1149 639 1204 αἴσῃ
664 1147 776 1189 τέκον
801 1149 843 1189 ἐν
867 1147 1087 1199 μεγάροισι.

101 1220 214 1256 τοῦτο
239 1215 280 1256 δέ
304 1232 363 1255 τοι
390 1214 554 1267 ἐρέουσα
577 1214 670 1256 ἔπος
698 1215 764 1255 Διὶ
788 1214 1071 1268 τερπικεραύνῳ

103 1282 176 1333 εἶμ’
201 1282 294 1332 αὐτὴ
319 1281 415 1333 πρὸς
432 1280 645 1331 ’Όλυμπον
670 1279 903 1333 ἀγάννιφον,
931 1282 973 1321 αἵ
997 1296 1038 1320 κε
1061 1280 1233 1330 πίθηται.
1359 1294 1422 1323 420

103 1350 208 1389 ἀλλὰ
233 1348 283 1389 σὺ
307 1350 378 1399 μὲν
403 1350 470 1388 νῦν
495 1347 609 1397 νηυσὶ
633 1345 854 1399 παρήμενος
879 1344 1117 1399 ὠκυπόροισι

102 1414 203 1466 μήνι’
230 1414 467 1467 Ἀχαιοῖσιν,
493 1413 668 1464 πολέμου
693 1412 725 1454 δ’
753 1414 952 1454 ἀποπαύεο
977 1412 1152 1464 πάμπαν·

104 1481 201 1523 Ζεὺς
225 1483 299 1533 γὰρ
324 1482 364 1523 ἐς
388 1479 582 1520 Ὠκεανὸν
605 1478 688 1530 μετ’
714 1479 915 1530 ἀμύμονας
939 1480 1154 1529 Αἰθιοπῆας

103 1547 236 1600 χθιζὸς
260 1547 334 1598 ἔβη
362 1548 458 1587 κατὰ
483 1549 607 1592 δαῖτα,
635 1545 717 1585 θεοὶ
741 1545 773 1585 δ’
798 1545 878 1596 ἅμα
902 1544 1045 1587 πάντες
1072 1546 1226 1586 ἕποντο·

104 1612 298 1669 δωδεκάτῃ
323 1612 366 1654 δέ
388 1629 447 1653 τοι
472 1612 578 1654 αὖτις
604 1612 810 1652 ἐλεύσεται
834 1612 1108 1661 Οὔλυμπόνδε,
1361 1623 1422 1653 425

106 1681 169 1721 καὶ
194 1679 274 1719 τότ’
301 1678 434 1719 ἔπειτά
453 1695 514 1719 τοι
539 1677 616 1728 εἶμι
642 1677 739 1720 Διὸς
764 1678 854 1719 ποτὶ
879 1679 1132 1730 χαλκοβατὲς
1156 1680 1222 1722 δῶ,

105 1747 172 1786 καί
191 1762 257 1797 μιν
282 1744 527 1797 γουνάσομαι
552 1744 616 1784 καί
636 1760 702 1795 μιν
727 1745 937 1784 πείσεσθαι
961 1742 1070 1784 ὀΐω.”

165 1810 244 1853 ὁΩς
269 1810 342 1863 ἄρα
366 1810 576 1864 φωνήσασ’
602 1809 844 1861 ἀπεβήσετο,
870 1809 937 1850 τὸν
961 1809 994 1850 δ’
1020 1808 1123 1850 ἕλιπ’
1149 1809 1266 1850 αὐτοῦ

105 1878 306 1931 χωόμενον
331 1879 428 1917 κατὰ
451 1876 571 1927 θυμὸν
596 1877 774 1926 ἐϋζώνοιο
799 1876 992 1928 γυναικός,

106 1942 176 1994 τήν
198 1944 247 1995 ῥα
271 1944 342 1999 βίῃ
361 1942 543 1984 ἀέκοντος
569 1943 767 1994 ἀπηύρων·
804 1941 925 1995 αὐτὰρ
950 1940 1171 1983 Ὀδυσσεὺς
1361 1952 1426 1983 430

108 2011 147 2052 ἐς
170 2009 333 2061 Χρύσην
357 2010 488 2049 ἵκανεν
513 2007 618 2060 ἄγων
645 2008 750 2060 ἱερὴν
774 2009 1013 2059 ἑκατόμβην.

107 2077 144 2116 οἱ
167 2075 199 2115 δ’
225 2076 289 2115 ὅτε
313 2075 359 2125 δὴ
383 2074 541 2125 λιμένος
565 2074 834 2124 πολυβενθέος
860 2074 968 2116 ἐντὸς
993 2074 1136 2118 ἵκοντο,

149 2174 212 2203 404
237 2163 312 2202 βίην
333 2163 393 2194 Ar.
417 2163 488 2194 Ve:
521 2163 576 2205 βίῃ
600 2163 684 2196 πολὺ
707 2162 865 2205 φέρτατος
890 2162 1039 2194 ἁπάντων
1064 2162 1200 2195 darn-6001
1226 2162 1237 2180 s
1226 2162 1351 2201 ἄλλων
1375 2164 1428 2194 ὀπ-

107 2206 222 2239 πόσσοι
248 2206 410 2246 Duntzer)
435 2207 555 2239 ναίουσ’
581 2208 639 2238 ὑπὸ
661 2206 823 2248 Τάρταρον
848 2206 1006 2247 εὐρώεντα
1028 2205 1134 2236 Zen.:
1169 2205 1229 2260 βίῃ
1249 2205 1339 2245 vulg.

108 2251 170 2289 418
191 2253 238 2282 τῶ
253 2249 322 2280 ΑΒ
335 2249 400 2280 CT
415 2249 481 2281 al.·
475 2274 482 2280 .
505 2253 549 2290 τῷ
569 2249 659 2289 vulg.
680 2249 759 2290 (vid.
778 2249 902 2288 praef.)
1004 2258 1067 2288 423
1090 2250 1171 2288 μετὰ
1186 2247 1344 2288 μέμνονας
1361 2259 1390 2280 v.
1406 2248 1426 2279 1.

109 2297 175 2324 ant.
334 2303 398 2332 424
422 2294 504 2325 κατὰ
517 2292 644 2324 Antim.
661 2292 835 2333 Aristoph.
858 2292 958 2323 Mass.
979 2291 1098 2331 Sinop.
1118 2291 1221 2330 cypr.
1241 2291 1299 2322 Ar.
1318 2290 1361 2321 V¹
1378 2291 1429 2321 Ve

110 2334 166 2366 Ρ15
182 2345 280 2375 corr„
297 2335 408 2376 Apoll.
427 2336 492 2367 lex.
508 2346 516 2366 ε
539 2337 621 2374 μετὰ
636 2334 725 2375 vulg.
820 2335 950 2367 ἕπονται
967 2345 997 2365 v.
1013 2335 1033 2366 1.
1053 2339 1133 2373 ant„
1150 2335 1202 2366 Ve
1321 2334 1385 2373 428
1409 2335 1429 2371 ἡ

110 2377 169 2418 μὲν
183 2379 230 2421 ἄρ’
247 2379 286 2412 ὣς
306 2380 426 2412 εἶπουιΐ
444 2376 522 2410 Bm⁵
535 2377 578 2409 Ul
589 2377 648 2408 V¹8
780 2388 842 2417 432
867 2377 973 2419 ἐντὸς]
993 2378 1091 2419 ἐγγὺς
1106 2377 1165 2408 Ar.
