1624 2802
595 130 630 164 4.
704 125 960 163 ΙᾹΙΑΔΟΣ
1010 127 1044 163 Δ

168 232 190 247 “
208 227 332 274 τέττα,
360 228 488 284 σιωπῇ
514 227 604 279 ἧσο,
633 229 710 283 ἐμῷ
741 229 774 269 δ’
801 230 1002 270 ἐπιπείθεο
1027 229 1149 283 μύθῳ·

165 296 208 337 οὐ
233 295 305 347 γὰρ
331 295 408 347 ἐγὼ
433 298 585 345 νεμεσῶ
612 293 888 347 Ἀγαμέμνονι,
918 294 1075 346 ποιμένι
1100 299 1219 342 λαῶν,

164 361 362 413 ὀτρύνοντι
386 359 586 414 μάχεσθαι
612 360 841 412 ἐϋκνήμιδας
867 361 1064 415 Ἀχαιούς·

163 427 283 482 τούτῳ
308 430 378 478 μὲν
404 429 477 479 γὰρ
504 430 614 469 κῦδος
639 427 703 478 ἅμ’
730 428 882 480 ἕψεται,
912 430 948 468 εἴ
972 445 1036 469 κεν
1063 427 1220 481 Ἀχαιοὶ
1419 443 1481 474 415

162 497 296 546 Τρῶας
321 494 528 550 δῃώσωσιν
554 494 683 535 ἕλωσί
703 511 744 535 τε
763 493 890 535 Ἴλιον
917 493 1013 546 ἱρήν,

162 561 282 615 τούτῳ
307 559 338 601 δ’
364 561 410 601 αὖ
433 560 535 613 μέγα
559 560 701 603 πένθος
727 561 902 615 Ἀχαιῶν
928 560 1170 617 δῃωθέντων.

163 626 252 667 ἀλλ’
278 626 348 679 ἄγε
373 626 417 676 δὴ
445 627 505 667 καὶ
529 631 601 668 νῶϊ
624 628 829 678 μεδώμεθα
854 627 1030 679 θούριδος
1056 626 1216 678 ἀλκῆς-”

221 692 277 733 ἿΙ
301 694 361 746 ῥα,
390 683 494 734 καὶέ
543 693 670 747 ὀχέων
697 694 770 735 σὺν
795 695 979 748 τεύχεσιν
1005 695 1102 734 ἆλτο
1126 694 1289 747 χαμᾶζε·

162 759 287 801 δεινὸν
311 759 343 800 δ’
369 760 519 813 ἔβραχε
544 760 693 814 χαλκὸς
720 761 783 801 ἐπὶ
809 759 1030 811 στήθεσσιν
1055 760 1220 801 ἄνακτος
1420 774 1484 804 420

162 825 382 878 ὀρνυμένου·
418 827 495 867 ὑπό
521 844 586 868 κεν
611 826 891 880 ταλασίφρονά
916 845 990 879 περ
1015 826 1101 868 δέος
1128 827 1246 867 εἶλεν.

225 891 298 934 Ὠς
322 892 354 933 δ’
381 892 436 932 ὅτ’
464 895 506 934 ἐν
530 895 697 948 αἰγιαλῷ
723 894 918 948 πολυηχέϊ
945 897 1042 944 κῦμα
1068 892 1276 942 θαλάσσης

160 958 284 1010 ὄρνυτ’
310 960 582 1012 ἐπασσύτερον
610 961 789 1013 Ζεφύρου
814 961 888 1000 ὕπο
914 959 1159 1010 κινήσαντος·

162 1026 288 1080 πόντῳ
313 1025 384 1077 μέν
409 1042 451 1066 τε
477 1030 610 1077 πρῶτα
638 1027 887 1079 κορύσσεται,
915 1027 1036 1078 αὐτὰρ
1062 1026 1197 1066 ἔπειτα

160 1091 290 1146 χέρσῳ
316 1092 558 1144 ῥηγνύμενον
583 1092 740 1144 μεγάλα
763 1092 916 1145 βρέμει,
944 1093 1047 1145 ἀμφὶ
1073 1091 1115 1132 δέ
1139 1091 1172 1130 τ’
1197 1091 1317 1143 ἄκρας
1418 1106 1480 1136 425

161 1158 295 1209 κυρτὸν
321 1157 386 1198 ἐὸν
413 1163 660 1211 κορυφοῦται,
689 1159 881 1200 ἀποπτύει
906 1158 938 1198 δ’
964 1158 1059 1200 ἁλὸς
1084 1157 1223 1211 ἄχνην·

160 1224 209 1265 ὣς
233 1224 312 1264 τότ’
339 1225 605 1277 ἐπασσύτεραι
633 1229 802 1266 Δαναῶν
828 1227 980 1266 κίνυντο
1006 1224 1214 1277 φάλαγγες

160 1290 361 1342 νωλεμέως
388 1293 621 1342 πόλεμόνδε·
661 1291 794 1332 κέλευε
820 1294 861 1332 δὲ
886 1293 991 1332 οἶσιν
1016 1292 1182 1332 ἕκαστος

158 1356 373 1409 ἡγεμόνων·
412 1360 448 1399 οἱ
473 1358 504 1398 δ’
531 1358 648 1398 ἄλλοι
676 1358 774 1408 ἀκὴν
798 1360 903 1404 ἴσαν,
932 1357 1020 1398 οὐδέ
1047 1375 1087 1398 κε
1114 1358 1234 1409 φαίης

159 1424 306 1464 τόσσον
331 1424 429 1465 λαὸν
455 1425 622 1466 ἕπεσθαι
647 1424 777 1478 ἔχοντ’
804 1426 846 1465 ἐν
872 1423 1064 1474 στήθεσιν
1089 1422 1221 1473 αὐδήν,
1416 1437 1481 1467 430

161 1491 251 1547 σιγῇ
274 1492 456 1533 δειδιότες
483 1491 744 1543 σημάντορας·
783 1491 885 1543 ἀμφὶ
910 1493 951 1531 δὲ
976 1493 1076 1531 πᾶσι

160 1556 300 1610 τεύχεα
324 1557 469 1598 ποικίλ’
497 1558 661 1609 ἔλαμπε,
688 1559 736 1597 τὰ
761 1556 907 1608 εἱμένοι
932 1558 1189 1610 ἐστιχόωντο.

159 1624 290 1674 Τρῶες
314 1623 359 1669 δ’,
387 1625 437 1665 ὥς
462 1623 495 1663 τ’
522 1626 605 1666 ὄϊες
630 1623 908 1674 πολυπάμονος
933 1622 1072 1675 ἀνδρὸς
1099 1624 1140 1663 ἐν
1166 1621 1267 1679 αὐλῇ

159 1691 288 1741 μυρίαι
312 1689 527 1740 ἑστήκασιν
553 1691 820 1742 ἀμελγόμεναι
844 1689 950 1742 γάλα
974 1690 1128 1735 λευκόν,

161 1755 300 1809 ἀζηχὲς
326 1760 531 1808 μεμακυῖαι
557 1757 770 1797 ἀκούουσαι
795 1759 872 1797 ὄπα
897 1758 1037 1808 ἀρνῶν,
1416 1767 1477 1798 435

161 1821 210 1864 ὣς
234 1822 381 1874 Τρώων
405 1823 603 1874 ἀλαλητὸς
629 1824 703 1863 ἀνὰ
728 1822 898 1875 στρατὸν
924 1822 1036 1874 εὐρὺν
1061 1822 1210 1874 ὀρώρει·

161 1887 204 1928 οὐ
227 1889 301 1941 γὰρ
326 1888 483 1930 πάντων
508 1889 575 1939 ἦεν
600 1889 693 1940 ὁμὸς
718 1891 831 1941 θρόος
857 1888 936 1929 οὐδ’
963 1890 1002 1929 ’ία
1027 1890 1155 1940 γῆρυς,

161 1954 266 1995 ἀλλὰ
289 1955 445 2007 γλῶσσ’
472 1955 667 2007 ἐμέμικτο,
694 1956 935 2006 πολύκλητοι
959 1954 992 1994 δ’
1018 1955 1116 1995 ἕσαν
1142 1954 1289 2006 ἄνδρες.

162 2018 263 2071 ὦρσε
287 2023 328 2062 δὲ
352 2022 441 2063 τοὺς
464 2025 536 2073 μὲν
556 2021 690 2074 ”Αρης,
718 2023 807 2064 τοὺς
832 2024 872 2063 δὲ
898 2025 1122 2074 γλαυκῶπις
1148 2019 1295 2071 Ἀθήνη

164 2087 306 2137 Δεῖμός
329 2087 363 2126 τ’
388 2088 455 2138 ἠδὲ
480 2090 617 2140 Φόβος
643 2090 705 2130 καὶ
723 2088 835 2140 ’Έρις
861 2087 1007 2139 ἄμοτον
1030 2090 1211 2138 μεμαυῖα,
1415 2098 1478 2128 440

203 2183 266 2211 412
289 2173 393 2207 τέτλα
409 2174 588 2207 Helladius
605 2186 657 2216 ap.
679 2175 776 2207 Phot.
798 2175 873 2207 bibl.
894 2185 953 2216 531
968 2176 988 2206 b
1011 2185 1048 2206 12
1219 2177 1282 2215 416
1305 2177 1417 2217 Τρώων
1434 2179 1485 2209 ἐκ·

162 2215 297 2258 πέρσωσ)
321 2217 353 2250 εὖ
379 2219 542 2259 ναιόμενον
566 2219 755 2261 πτολίεθρον
777 2219 883 2250 schol.
910 2220 937 2249 T
961 2219 1002 2250 ad
1028 2225 1053 2251 A
1078 2229 1139 2258 407
1307 2230 1369 2258 424
1393 2234 1430 2252 τε
1455 2220 1485 2250 Α

161 2262 186 2289 h
201 2259 241 2290 al.
260 2271 266 2289 z
291 2262 331 2292 τὰ
347 2262 435 2301 vulg.
455 2274 461 2293 :
485 2276 534 2295 τοι
550 2267 565 2293 1
739 2266 803 2301 426
828 2265 874 2295 ἱὸν
890 2263 950 2294 Ar.
970 2262 1012 2292 V1
1188 2272 1249 2301 427
1276 2265 1413 2304 ὤρνυντο
1440 2261 1485 2310 12⁴

164 2302 211 2332 ΜΒ
224 2303 270 2333 U⁶
404 2315 466 2344 434
492 2307 672 2345 ἑστήκωσιν
731 2306 945 2344 ⁴gmABT
961 2306 1001 2336 al.
1139 2306 1202 2346 438
1227 2307 1313 2345 ἄλλη
1331 2309 1357 2338 δ’
1375 2308 1484 2339 ἄλλων

161 2348 299 2385 ’γλῶσσα
315 2348 370 2379 cit.
391 2348 504 2389 Polyb.
526 2360 580 2381 xv.
602 2360 640 2381 12
659 2349 689 2390 (c
706 2373 713 2381 .
734 2355 757 2382 Β
774 2350 852 2390 804)
1311 2395 1344 2424 6,
