1624 2802
564 110 624 146 11.
698 105 960 143 ΙΛΙΑΔΟΣ
1007 106 1040 143 Α

140 208 180 249 ἐς
204 205 350 258 Τροίην
377 204 543 256 νήεσσιν
570 207 897 247 ἀναπλεύσεσθαι
923 207 1106 258 ἔμελλον·

139 271 304 313 τοῦνεκά
328 274 364 313 οἱ
389 272 456 313 τὸν
482 275 580 313 δῶκε
605 273 863 326 χαριζόμενος
889 276 1071 324 βασιλῆϊ.

139 343 208 380 τοῦ
233 339 265 379 δ’
289 338 377 390 ἤτοι
402 337 494 379 δέκα
520 339 625 390 οἶμοι
650 339 749 380 ἕσαν
773 339 943 390 μέλανος
970 339 1139 386 κυάνοιο,

139 406 288 446 δώδεκα
312 407 354 446 δὲ
378 409 545 458 χρυσοῖο
571 406 635 446 καὶ
661 407 789 446 ε’ίκοσι
815 406 1076 459 κασσιτέροιο·
1422 421 1458 451 25

141 472 294 514 κυάνεοι
319 474 360 512 δὲ
384 471 591 523 δράκοντες
611 471 836 526 ὀρωρέχατο
862 473 975 524 προτὶ
999 473 1130 524 δειρὴν

140 542 242 591 τρεῖς
266 537 453 591 ἑκάτερθ’,
479 539 634 590 ἴρισσιν
660 540 840 585 ἐοικότες,
869 538 914 580 ἅς
938 556 980 579 τε
1008 541 1182 590 Κρονίων

141 607 183 646 ἐν
208 604 322 658 νέφεϊ
347 602 520 658 στήριξε,
547 604 662 658 τέρας
686 606 868 657 μερόπων
894 606 1122 657 ἀνθρώπων.

140 672 243 724 ἀμφὶ
268 671 301 711 δ’
326 670 385 724 ἄρ’
412 672 577 723 ὤμοισιν
603 671 756 723 βάλετο
782 671 910 724 ξίφος·
952 673 993 712 ἐν
1019 671 1061 712 δέ
1085 674 1121 712 οἱ
1145 672 1237 723 ἧλοι

139 738 320 791 χρύσειοι
345 737 587 791 πάμφαινον,
615 739 712 790 ἀτὰρ
737 739 824 790 περὶ
851 738 1012 779 κουλεὸν
1037 738 1104 788 ἦεν
1423 755 1461 784 30

140 805 341 857 ἀργύρεον,
369 804 602 858 χρυσέοισιν
628 804 892 857 ἀορτήρεσσιν
917 806 1071 857 ἀρηρός.

139 870 187 911 ἂν
213 870 246 911 δ’
272 870 373 911 ἕλετ’
399 872 655 924 ἀμφιβρότην
680 873 968 912 πολυδαίδαλον
993 872 1141 912 ἀσπίδα
1167 875 1312 924 θοῦριν,

142 936 279 987 καλήν,
305 936 354 987 ἢν
380 937 468 990 πέρι
491 941 562 989 μὲν
588 938 724 978 κύκλοι
748 937 841 978 δέκα
865 938 1030 991 χάλκεοι
1055 937 1170 987 ἦσαν,

141 1005 184 1043 ἐν
207 1003 250 1044 δέ
274 1005 310 1044 οἱ
335 1005 513 1056 ὀμφαλοὶ
538 1003 641 1054 ἦσαν
667 1005 814 1045 ἐείκοσι
840 1003 1091 1056 κασσιτέροιο

142 1070 288 1116 λευκοί,
316 1072 358 1110 ἐν
382 1073 423 1111 δὲ
447 1070 634 1122 μέσοισιν
658 1071 726 1121 ἔην
749 1070 920 1121 μέλανος
947 1070 1115 1111 κυάνοιο.
1421 1085 1458 1115 35

141 1142 188 1193 τῇ
213 1135 246 1176 δ’
271 1136 335 1177 ἐπὶ
360 1139 432 1188 μὲν
456 1138 593 1189 Γοργὼ
621 1140 877 1189 βλοσυρῶπις
903 1136 1156 1188 ἐστεφάνωτο

142 1202 271 1243 δεινὸν
295 1203 519 1255 δερκομένη,
545 1203 633 1256 περὶ
658 1205 700 1244 δὲ
726 1203 874 1254 Δεῖμός
898 1220 939 1243 τε
963 1204 1100 1253 Φόβος
1125 1220 1178 1243 τε.

141 1271 209 1319 τῆς
235 1268 268 1309 δ’
294 1268 339 1320 ἐξ
360 1270 546 1322 ἀργύρεος
569 1270 749 1321 τελαμὼν
774 1268 834 1319 ἦν·
871 1270 992 1320 αὐτὰρ
1017 1269 1079 1310 ἐπ’
1105 1269 1222 1309 αὐτοῦ

144 1334 302 1378 κυάνεος
327 1335 506 1377 ἐλέλικτο
532 1335 696 1389 δράκων,
725 1337 896 1388 κεφαλαὶ
921 1335 964 1376 δέ
987 1337 1023 1376 οἱ
1047 1334 1151 1385 ἦσαν

139 1406 241 1454 τρεῖς
268 1402 577 1455 ἀμφιστρεφέες,
606 1402 691 1445 ἑνὸς
716 1402 881 1456 αὐχένος
907 1404 1149 1454 ἐκπεφυυῖαι.
1417 1417 1459 1446 40

140 1469 248 1520 κρατὶ
272 1468 305 1508 δ’
332 1468 392 1509 ἐπ’
417 1470 657 1522 ἀμφίφαλον
682 1468 820 1519 κυνέην
846 1468 935 1509 θέτο
959 1468 1259 1520 τετραφάληρον

140 1535 334 1586 ἵππουριν·
373 1534 502 1576 δεινὸν
527 1537 568 1576 δὲ
591 1536 720 1588 λόφος
746 1536 985 1587 καθύπερθεν
1011 1535 1153 1576 ἔνευεν.

140 1601 268 1641 εἵλετο
293 1600 326 1641 δ’
351 1600 498 1652 ἄλκιμα
522 1604 633 1654 δοῦρε
659 1602 747 1648 δύω,
775 1601 1036 1654 κεκορυθμένα
1060 1606 1210 1656 χαλκῷ,

138 1664 244 1715 ὀξέα·
281 1670 376 1718 τῆλε
401 1670 443 1708 δὲ
468 1667 617 1722 χαλκὸς
642 1668 708 1708 ἀπ’
735 1668 901 1720 αὐτόφιν
927 1668 1090 1720 οὐρανὸν
1116 1670 1210 1708 εἵσω

138 1731 272 1783 λάμπ’·
313 1733 375 1774 ἐπὶ
400 1733 432 1774 δ’
460 1734 710 1786 ἐγδούπησαν
736 1734 923 1785 Ἀθηναίη
950 1752 991 1775 τε
1017 1736 1079 1775 καὶ
1097 1733 1218 1786 ”Ηρη,
1416 1748 1455 1778 45

138 1803 307 1850 τιμῶσαι
330 1803 511 1850 βασιλῆα
536 1801 804 1854 πολυχρύσοιο
831 1800 1028 1851 Μυκήνης.

203 1864 380 1921 ιΗνιόχῳ
405 1869 477 1917 μὲν
503 1866 638 1907 ἔπειτα
662 1869 711 1921 ἑῷ
738 1867 950 1908 ἐπέτελλεν
976 1868 1142 1908 ἕκαστος

138 1931 278 1974 ἵππους
303 1933 343 1973 εὖ
370 1934 466 1973 κατὰ
491 1933 641 1983 κόσμον
666 1933 850 1986 ἐρυκέμεν
875 1934 959 1974 αὖθ’
987 1934 1049 1974 ἐπὶ
1073 1933 1221 1987 τάφρῳ,

138 1996 246 2038 αὐτοὶ
270 2000 311 2038 δὲ
337 1998 502 2050 πρυλέες
528 2000 603 2040 σὺν
628 2001 789 2053 τεύχεσι
815 1999 1080 2052 θωρηχθέντες

182 2087 224 2116 26
248 2085 437 2127 σμερδαλέοι
454 2085 489 2118 δὲ
507 2087 675 2126 δράκοντες
694 2088 894 2127 ἐλειχμῶντο
912 2086 1085 2126 Aristoph.
1236 2097 1275 2125 27
1302 2088 1460 2127 ἐρίδεσσιν

138 2128 217 2159 Zen.
310 2129 352 2159 28
374 2129 501 2170 στήριξε
512 2129 570 2160 Ar.
583 2130 680 2160 codd.
775 2139 816 2168 32
838 2128 891 2169 ἂν]
907 2131 941 2160 ἐν
952 2129 1002 2159 fC
1015 2128 1068 2159 L¹⁴
1081 2128 1119 2159 Pl
1130 2128 1188 2159 V‘23
1277 2140 1318 2169 33
1340 2131 1459 2171 καλήν]

139 2172 246 2210 δεινήν
262 2171 407 2210 nglV32
496 2171 580 2215 Ιἦσαν
595 2183 622 2202 v.
640 2173 660 2203 l.
679 2177 745 2203 ant.
847 2181 888 2211 35
913 2173 1035 2204 λευκοῖ’
1052 2172 1112 2202 v.l.
1132 2178 1199 2204 ant.
1297 2174 1339 2212 38
1363 2175 1460 2205 αὐτοῦ

138 2214 196 2245 Ar.
216 2215 361 2253 delqA
373 2215 402 2245 D
418 2215 458 2246 al.
475 2226 481 2246 :
509 2217 592 2256 αὐτῷ
610 2226 639 2245 ν.
654 2215 688 2254 1.,
701 2220 768 2245 ant.
790 2215 899 2254 vulg.:
926 2217 1028 2246 αὐτῶν
1043 2219 1069 2245 h
1157 2227 1199 2253 4ο
1224 2215 1459 2257 ἀμφιστρεφέες

138 2257 196 2288 ΑΓ.
216 2258 274 2298 (τὰ
297 2258 505 2299 ὑπομνήματα
527 2260 704 2300 συμφωνεῖ)
724 2258 836 2299 Apoll.
858 2258 924 2289 lex.
943 2257 1215 2288 dfrAV¹‘³V¹‘⁵:
1241 2258 1459 2299 ἀμφιστεφέες

138 2310 168 2331 v.
179 2300 198 2332 1.
219 2305 298 2342 ant.,
317 2301 405 2341 vulg.
424 2313 430 2332 :
455 2307 634 2341 utrumque
653 2302 745 2333 Eust.
836 2310 877 2341 45
903 2301 1101 2342 ἐγδούπησεν
1117 2301 1147 2332 Λ
1164 2312 1208 2333 ss.
1231 2301 1271 2333 L³
1283 2302 1323 2334 L⁴
1338 2302 1383 2333 U³
