1624 2802
0 227 1 230 ’
5 236 11 251 n

546 113 605 147 11.
679 109 938 146 ΙΛΙΑΔΟΣ
987 110 1020 147 Λ

124 208 184 249 καὶ
208 207 350 259 βάλεν,
377 207 455 248 οὐδ’
482 208 557 261 ἄρα
580 226 646 259 μιν
671 209 784 249 ἅλιον
810 209 933 260 βέλος
959 211 1106 262 ἔκφυγε
1131 212 1274 263 χειρός,

121 274 269 327 ταρσὸν
293 273 504 326 δεξιτεροῖο
529 275 660 316 ποδός*
698 277 760 315 διὰ
785 275 818 315 δ’
846 277 1014 328 ἀμπερὲς
1040 276 1095 318 ἰὸς

121 342 163 382 ἐν
187 341 278 397 γαίῃ
303 340 532 391 κατέπηκτο·
569 342 590 380 ὁ
614 343 654 381 δὲ
678 341 786 392 μάλα
810 341 882 392 ἡδὺ
907 342 1113 394 γελάσσας

121 408 164 448 ἐκ
186 407 311 460 λόχου
335 406 545 458 ἀμπήδησε
570 407 632 447 καὶ
657 407 871 461 εὐχόμενος
897 408 989 450 ἔπος
1013 409 1122 459 ηὔδα·

123 476 148 492 “
163 473 355 525 βέβληαι,
382 473 462 514 οὐδ’
489 473 603 514 ἅλιον
628 473 752 524 βέλος
779 475 966 526 ἔκφυγεν·
1004 475 1055 516 ὡς
1080 476 1230 526 ὄφελόν
1256 492 1317 516 τοι
1386 481 1447 519 380

120 542 276 581 νείατον
300 541 340 582 ἐς
365 544 534 581 κενεῶνα
557 541 697 591 βαλὼν
722 542 765 580 ἐκ
792 541 914 591 θυμὸν
939 540 1115 581 ἑλέσθαι.

120 607 218 647 οὕτω
245 623 309 647 κεν
333 607 395 647 καὶ
419 610 551 658 Τρῶες
576 606 825 648 ἀνέπνευσαν
853 608 1075 657 κακότητος,

120 674 160 714 οἵ
179 672 222 714 τέ
247 690 295 714 σε
318 673 536 725 πεφρίκασι
559 672 692 714 λέονθ’
720 674 771 716 ὡς
796 673 968 724 μηκάδες
993 673 1137 726 αἶγες.”

185 739 266 780 Τὸν
291 739 323 780 δ’
348 739 392 780 οὐ
416 738 623 792 ταρβήσας
648 739 835 793 προσέφη
866 740 1048 793 κρατερὸς
1074 739 1284 791 Διομήδης·

122 808 146 824 “
163 805 316 856 τοξότα,
344 805 545 858 λωβητήρ,
573 805 664 861 κέρᾳ
690 806 829 859 ἀγλαέ,
859 809 1143 859 παρθενοπῖπα,
1385 814 1443 852 385

121 873 154 914 εἶ
176 875 248 924 μὲν
273 872 318 923 δὴ
344 874 525 923 ἀντίβιον
551 873 625 913 σὺν
650 873 814 926 τεύχεσι
842 875 1076 925 πειρηθείης,

119 939 187 980 οὐκ
212 939 259 981 ἄν
282 956 342 980 τοι
366 941 589 996 χραίσμῃσι
614 940 704 990 βιὸς
735 941 795 980 καὶ
821 940 990 992 ταρφέες
1017 942 1078 980 ἰοί·

119 1010 186 1047 νῦν
210 994 253 1047 δέ
276 1006 315 1057 μ’
341 1005 567 1059 ἐπιγράψας
591 1007 742 1058 ταρσὸν
770 1006 889 1048 ποδὸς
915 1007 1048 1059 εὔχεαι
1074 1007 1209 1048 αὕτως.

118 1073 187 1114 οὐκ
211 1073 355 1124 ἀλέγω,
384 1073 435 1114 ὡς
459 1075 495 1113 εἴ
517 1090 564 1123 με
589 1074 685 1125 γυνὴ
716 1073 838 1124 βάλοι
863 1070 885 1123 ἢ
912 1072 1002 1115 πάϊς
1027 1073 1177 1125 ἄφρων·

120 1138 252 1190 κωφὸν
278 1140 352 1191 γὰρ
376 1138 500 1189 βέλος
526 1139 666 1191 ἀνδρὸς
695 1140 907 1182 ἀνάλκιδος
932 1140 1161 1180 οὐτιδανοῖο.
1383 1152 1444 1182 590

119 1203 142 1255 ἦ
165 1204 197 1244 τ’
221 1204 354 1247 ἄλλως
377 1205 440 1245 ὑπ’
468 1207 586 1256 ἐμεῖο,
615 1207 677 1246 καὶ
704 1208 740 1247 εἴ
769 1206 800 1246 κ’
826 1208 962 1258 ὀλίγον
987 1223 1058 1257 περ
1084 1206 1242 1261 ἐπαύρῃ,

118 1269 186 1321 ὀξὺ
209 1270 332 1322 βέλος
357 1271 531 1318 πέλεται,
562 1273 623 1312 καὶ
649 1271 809 1324 ἀκήριον
839 1272 942 1324 αἶψα
965 1273 1109 1322 τίθησι.

117 1341 185 1378 τοῦ
209 1340 250 1378 δὲ
273 1338 454 1390 γυναικὸς
478 1338 550 1389 μέν
575 1338 608 1378 τ’
634 1339 889 1391 ἀμφίδρυφοί
911 1340 989 1379 εἰσι
1014 1339 1181 1391 παρειαί,

118 1403 252 1446 παῖδές
276 1403 309 1444 τ’
334 1406 552 1456 ὀρφανικοί·
591 1406 611 1444 ὁ
636 1404 679 1445 δέ
706 1405 739 1445 θ’
770 1406 902 1455 αἵματι
928 1408 1043 1457 γαῖαν
1068 1405 1236 1455 ἐρεύθων

117 1470 291 1516 πύθεται,
319 1472 450 1511 οἰωνοὶ
476 1473 516 1511 δὲ
542 1472 628 1523 περὶ
656 1471 774 1512 πλέες
802 1470 844 1520 ἠὲ
872 1470 1088 1522 γυναῖκες.”
1382 1484 1440 1513 395

177 1535 256 1579 ΔΩς
281 1537 397 1589 φάτο,
425 1541 491 1578 τοῦ
516 1537 548 1577 δ’
578 1537 770 1579 Ὀδυσεὺς
798 1537 1047 1588 δουρικλυτὸς
1073 1537 1238 1589 ἐγγύθεν
1266 1536 1390 1576 ἐλθὼν

117 1604 213 1654 ἔστη
238 1603 393 1655 πρόσθ’·
433 1605 452 1642 ὁ
477 1604 509 1643 δ’
535 1606 675 1644 ὄπισθε
704 1604 962 1654 καθεζόμενος
985 1603 1108 1654 βέλος
1132 1603 1210 1643 ὠκὺ

117 1671 158 1710 ἐκ
182 1669 300 1712 ποδὸς
326 1670 420 1716 ἕλκ’,
448 1671 562 1720 ὀδύνη
590 1672 630 1710 δὲ
656 1671 718 1710 διὰ
741 1670 859 1723 χροὸς
888 1669 974 1719 ἦλθ’
999 1668 1195 1721 ἀλεγεινή.

117 1737 156 1778 ἐς
181 1737 322 1789 δίφρον
348 1736 379 1777 δ’
405 1738 608 1788 ἀνόρουσε,
641 1737 701 1777 καὶ
726 1737 874 1790 ἡνιόχῳ
902 1735 1092 1777 ἐπέτελλε

116 1804 254 1853 νηυσὶν
279 1804 343 1844 ἔπι
368 1808 621 1860 γλαφυρῇσιν
650 1802 876 1854 ἐλαυνέμεν·
916 1802 1061 1855 ἤχθετο
1086 1803 1161 1854 γὰρ
1186 1805 1269 1853 κῆρ.
1375 1815 1441 1846 400

182 1870 314 1920 Οἰώθη
339 1870 372 1909 δ’
398 1869 588 1912 Ὀδυσεὺς
613 1871 875 1922 δουρικλυτός,
905 1868 994 1909 οὐδέ
1018 1885 1074 1910 τις
1100 1868 1200 1922 αὐτῷ

116 1934 304 1988 Ἀργείων
329 1936 574 1989 παρέμεινεν,
602 1937 686 1977 ἐπεὶ
713 1937 844 1989 φόβος
871 1936 1024 1986 ἔλλαβε
1051 1934 1211 1976 πάντας·

116 2001 292 2055 ὀχθήσας
317 2003 350 2043 δ’
374 2003 448 2056 ἄρα
474 2003 560 2044 εἶπε
582 2002 678 2054 πρὸς
703 2002 747 2043 δν
770 2001 1022 2055 μεγαλήτορα
1049 2001 1182 2051 θυμόν·

119 2070 143 2084 “
160 2069 188 2108 ὤ
212 2086 278 2120 μοι
303 2070 393 2122 ἐγώ,
421 2071 462 2110 τί
482 2069 614 2116 πάθω;
652 2069 754 2121 μέγα
778 2071 848 2119 μὲν
875 2068 993 2108 κακὸν
1020 2069 1061 2108 αἵ
1085 2084 1125 2107 κε
1152 2065 1340 2119 φέβωμαι

160 2162 224 2199 376
248 2160 364 2192 ἔκπεσε
385 2159 479 2190 hV¹⁵
647 2162 707 2199 381
735 2160 869 2192 ὀλέσσαι
887 2164 900 2190 i
913 2159 1074 2189 GsP¹0V¹
1092 2170 1123 2189 ν.
1140 2159 1160 2190 1.
1179 2170 1232 2197 ap.
1252 2159 1345 2189 Eust.

118 2204 182 2243 385
217 2204 292 2245 κέρᾳ
314 2203 437 2234 Alexio
465 2205 498 2244 (ἡ
522 2204 718 2245 παράδοσις),
745 2203 775 2233 Α
786 2204 870 2242 Ang.
900 2203 925 2233 Β
940 2202 999 2232 M¹1
1015 2201 1241 2233 IUHVIGVZO:
1274 2203 1350 2243 κέρα
1373 2213 1402 2232 V.
1416 2202 1436 2233 l.

118 2251 203 2284 ant.‚
220 2247 310 2286 vulg.
437 2250 629 2288 παρθενοπΐα
645 2257 674 2277 v.
688 2247 706 2278 1.
727 2253 806 2279 ant„
828 2246 876 2276 ΜΤ
1002 2256 1062 2286 391
1092 2246 1209 2286 ἐπαύρη
1226 2245 1283 2275 ΑΓ.
1306 2247 1369 2282 (καὶ
1388 2246 1438 2277 διὰ

118 2293 182 2322 τῶν
201 2290 458 2329 ὑπομνημάτων),
478 2291 572 2321 codd.
591 2301 596 2320 z
622 2290 744 2331 ἐπαύρω
762 2301 791 2321 v.
805 2291 824 2320 1.
844 2296 910 2321 ant.
1067 2299 1131 2328 392
1156 2289 1246 2329 αἶψα]
1265 2290 1362 2329 ἄνδρα
1378 2288 1436 2319 Ar.

205 2342 268 2372 397
292 2333 371 2374 ὠκὺ]
389 2333 442 2373 ὀξὺ
458 2344 488 2364 ν.
500 2334 519 2365 1.
538 2344 591 2373 ap.
613 2333 703 2365 Eust.
839 2344 901 2371 400
927 2332 1024 2366 ὠκέας
1040 2334 1152 2365 ἵππους
1169 2336 1245 2363 bfr
1257 2330 1334 2362 Bm³³
1346 2330 1386 2362 1³³
1398 2331 1438 2362 pr,

122 2374 176 2406 Ρ13
187 2375 245 2407 V¹4
258 2375 317 2407 Vl*
333 2387 362 2408 v.
378 2376 397 2407 l.
419 2376 451 2406 in
470 2376 499 2406 A
