1624 2802
542 144 577 179 8.
653 140 909 178 ΙᾹΙΑΔΟΣ
957 143 996 179 Θ

111 241 262 294 ἱέμενον
288 241 508 291 πόλεμόνδε
532 241 637 292 βάλε
664 245 809 292 στῆθος
835 245 938 294 παρὰ
961 244 1094 293 μαζόν·

108 309 219 361 ἤριπε
243 307 275 347 δ’
302 306 347 358 ἐξ
368 306 506 360 ὀχέων,
535 308 769 360 ὑπερώησαν
794 308 836 349 δέ
863 311 897 349 οῖ
923 309 1036 349 ἵπποι

109 375 312 416 ὠκύποδες·
349 377 416 414 τοῦ
441 373 473 413 δ’
499 374 587 414 αὖθι
610 375 708 424 λύθη
735 374 847 428 ψυχή
873 392 914 415 τε
938 374 1054 426 μένος
1079 392 1134 416 τε.

101 440 272 493 “Έκτορα
296 440 329 480 δ’
355 438 466 480 αἰνὸν
491 439 589 493 ἄχος
614 440 767 481 πύκασε
794 440 940 493 φρένας
966 441 1154 494 ἡνιόχοιο·

107 507 173 548 τὸν
197 509 268 558 μὲν
294 505 415 546 ἔπειτ’
441 507 552 547 ε’ίασε
579 507 639 547 καὶ
664 507 884 560 ἀχνύμενός
910 525 982 559 περ
1008 509 1174 560 ἑταίρου,

109 574 327 626 Κεβριόνην
352 572 384 612 δ’
410 571 620 614 ἐκέλευσεν
648 573 846 626 ἀδελφεὸν
873 574 988 625 ἐγγὺς
1015 575 1130 614 ἐόντα

265 640 274 653 Q
313 639 336 654 ΙἹ
590 639 599 653 5
634 639 684 654 ν’
742 640 751 653 9
812 640 822 653 θ

107 641 233 681 ἵππων
258 656 320 690 ηνι
364 642 482 680 ἑλεῖν·
521 640 541 679 ὁ
567 643 586 679 δ
625 657 673 691 αρ
711 657 778 679 ουκ
804 640 1000 690 απίθησεν
1026 641 1208 682 ἀκούσας.

107 706 218 748 αὐτὸς
243 705 276 746 δ’
302 707 344 746 εἰ(
369 707 526 758 δίφροιο
551 707 674 759 χαμαὶ
701 707 790 757 θόρε
815 707 1129 758 παμφανόωντος

107 771 325 825 σμερδαλέα
351 772 488 825 ἰάχων·
525 774 545 812 ὁ
570 775 611 813 δὲ
635 772 851 825 χερμάδιον
874 772 980 823 λάβε
1005 774 1120 825 χειρί,

105 842 158 890 βῆ
184 838 216 880 δ’
242 838 323 881 ἰθὺς
346 839 530 890 Τεύκρου,
557 838 724 890 βαλέειν
750 838 792 879 δέ
818 841 834 879 ἑ
862 838 979 889 θυμὸς
1004 839 1158 891 ἀνώγει.

105 905 188 956 ἤτοι
213 906 232 944 ὁ
255 907 327 956 μὲν
352 904 547 958 φαρέτρης
573 905 746 956 ἐξείλετο
773 905 911 957 πικρὸν
937 906 1085 951 ὀϊστόν,

107 974 195 1022 θῆκε
220 971 252 1012 δ’
278 972 341 1012 ἐπὶ
367 977 495 1028 νευρῇ·
533 971 600 1012 τὸν
625 971 658 1011 δ’
685 972 730 1012 αὖ
757 973 1012 1023 κορυθαίολος
1030 970 1187 1023 ’Έκτωρ

106 1038 313 1090 αὐερύοντα
338 1038 426 1090 παρ’
453 1036 571 1089 ὦμον,
599 1039 661 1078 ὅθι
688 1038 798 1089 κληῒς
825 1037 1010 1090 ἀποέργει

106 1104 249 1158 αὐχένα
273 1121 314 1146 τε
341 1106 487 1156 στῆθός
511 1122 565 1151 τε,
593 1105 772 1156 μάλιστα
797 1107 839 1145 δὲ
867 1106 1013 1157 καίριόν
1042 1107 1140 1150 ἐστι,

105 1177 150 1228 τῇ
172 1170 210 1222 ῥ’
236 1171 299 1212 ἐπὶ
325 1172 363 1211 οἳ
384 1175 569 1222 μεμαῶτα
593 1171 723 1222 βάλεν
750 1172 846 1225 λίθῳ
874 1172 1076 1223 ὀκριόεντι,

103 1235 193 1289 ῥῆξε
217 1237 259 1278 δέ
283 1240 318 1279 οἱ
343 1236 492 1289 νευρήν·
530 1238 701 1289 νάρκησε
727 1241 767 1279 δὲ
794 1238 880 1290 χεὶρ
908 1238 971 1278 ἐπὶ
997 1242 1142 1292 καρπῷ,

106 1307 177 1355 στῆ
203 1306 243 1345 δὲ
269 1304 368 1357 γνὺξ
389 1305 545 1356 ἐριπών,
573 1303 687 1355 τόξον
712 1304 754 1344 δέ
781 1306 816 1344 οἱ
843 1305 987 1345 ἔκπεσε
1014 1305 1158 1357 χειρός.

106 1372 199 1413 Αἴας
222 1370 255 1411 δ’
280 1371 347 1411 οὐκ
373 1370 550 1422 ἀμέλησε
577 1369 831 1424 κασιγνήτοιο
858 1372 1063 1416 πεσόντος,

104 1437 206 1477 ἀλλὰ
231 1437 330 1478 θέων
355 1439 498 1489 περίβη
527 1439 592 1478 καί
615 1441 650 1479 οἱ
676 1438 799 1479 σάκος
826 1437 1107 1491 ἀμφεκάλυψε.

104 1502 170 1544 τὸν
191 1507 262 1555 μὲν
287 1504 409 1545 ἔπειθ’
436 1504 627 1546 ὑποδύντε
653 1505 728 1545 δύω
757 1505 907 1556 ἐρίηρες
934 1507 1091 1556 ἑταῖροι,

105 1570 326 1620 Μηκιστεὺς
350 1570 503 1624 Ἐχίοιο
528 1571 618 1613 πάϊς
645 1572 707 1612 καὶ
733 1574 813 1613 δῖος
839 1570 1061 1622 Ἀλάστωρ,

105 1639 195 1687 νῆας
220 1637 284 1678 ἔπι
308 1639 515 1690 γλαφυρὰς
541 1637 713 1690 φερέτην
737 1636 868 1690 βαρέα
894 1637 1154 1690 στενάχοντα.

159 1701 250 1756 *Αψ
275 1704 306 1743 δ’
332 1704 437 1746 αὖτις
461 1705 673 1755 Τρώεσσιν
700 1704 922 1755 Ὀλύμπιος
949 1705 990 1744 ἐν
1014 1703 1131 1754 μένος
1156 1701 1295 1754 ὦρσεν·

104 1771 138 1809 οἱ
163 1769 193 1809 δ’
219 1771 299 1813 ἰθὺς
323 1771 490 1823 τάφροιο
514 1772 681 1822 βαθείης
708 1770 818 1812 ὦσαν
845 1770 1043 1823 Ἀχαιούς·

97 1833 248 1888 ’Έκτωρ
272 1836 304 1877 δ’
330 1838 372 1877 ἐν
398 1838 589 1889 πρώτοισι
615 1838 672 1878 κίε
700 1837 834 1878 σθένεϊ
858 1838 1122 1888 βλεμεαίνων.

105 1901 153 1943 ὡς
178 1902 209 1942 δ’
234 1904 297 1944 ὅτε
321 1905 378 1945 τίς
403 1921 445 1944 τε
472 1904 573 1944 κύων
599 1904 695 1946 συὸς
722 1905 857 1956 ἀγρίου
883 1903 926 1953 ἠὲ
952 1902 1113 1943 λέοντος

103 1966 267 2019 ἅπτηται
293 1971 518 2017 κατόπισθε,
549 1971 670 2011 ποσὶν
695 1970 890 2024 ταχέεσσι
916 1970 1076 2014 διώκων,

105 2034 214 2087 ἰσχία
236 2052 278 2076 τε
302 2037 490 2088 γλουτούς
519 2054 573 2083 τε,
603 2037 868 2088 ἑλισσόμενόν
893 2053 934 2075 τε
961 2035 1120 2080 δοκεύει,

104 2099 152 2141 ὣς
169 2099 325 2154 ‘'Em-cop
350 2103 477 2153 ὤπαζε
508 2103 602 2155 κάρη
629 2104 853 2154 κομόωντας
878 2101 1076 2153 Ἀχαιούς,

103 2167 183 2206 αἰὲν
208 2168 450 2209 ἀποκτείνων
478 2169 544 2210 τὸν
570 2171 799 2210 ὀπίστατον·
838 2170 873 2208 οῖ
900 2170 939 2207 δὲ
965 2165 1155 2219 φέβοντο.

1366 1384 1425 1414 330

1363 1715 1422 1745 335

1359 2046 1422 2075 340

145 2268 207 2298 313
230 2258 368 2302 ἱέμενον]
388 2261 577 2302 νισσόμενον
594 2265 616 2292 d
630 2262 658 2291 D
672 2260 735 2291 ΜΠ)
749 2261 792 2291 N4
809 2259 865 2290 V14
877 2259 935 2290 V³2
1034 2269 1097 2298 322
1122 2257 1254 2295 βαλέειν
1271 2258 1307 2290 δέ
1323 2260 1335 2290 ε’
1353 2260 1420 2291 ‘lero

105 2304 185 2342 θυμῷ
203 2303 250 2333 M*
405 2306 468 2343 328
492 2307 573 2346 χεῖρ’
592 2316 621 2335 v.
635 2305 653 2335 1.
675 2310 756 2344 ειη,
776 2307 980 2340 adhiqu
1134 2312 1196 2340 337
1222 2301 1256 2334 δὲ
1274 2302 1332 2333 Ar.

103 2354 165 2384 339
187 2347 305 2379 διώκων
321 2351 344 2378 k
357 2347 425 2378 AT
445 2348 486 2378 U¹
501 2348 577 2379 V¹⁴32
604 2349 759 2379 πεποιθώς
781 2347 868 2385 vulg.
1044 2356 1107 2384 340
1132 2345 1343 2385 ἑλισσόμενόν
1360 2345 1415 2376 ΑΓ,

103 2387 190 2428 vulg·
207 2399 214 2419 τ
239 2390 448 2431 ἑλισσόμενός
464 2396 487 2422 b
499 2402 517 2422 e
529 2402 550 2428 q
563 2391 588 2421 Β
602 2392 626 2421 C
643 2392 683 2422 al.
