1624 2802
553 144 611 177 11.
690 139 940 176 ΙᾹΙΑΔΟΣ
989 140 1020 176 ,Χ

129 242 317 294 Ἀργείων
343 241 476 292 ἀέκητι
500 242 617 294 πυρὸς
643 242 766 292 δηΐοιο
793 242 991 294 θέρωνται,

127 308 240 349 αὐτοί
259 327 300 350 τε
326 308 548 360 κτεινώμεθ’
573 310 900 361 ἐπισχερώ;-οὐ
925 311 998 362 γὰρ
1024 310 1094 361 ἐμὴ
1118 310 1154 352 ἲς

128 375 213 416 ἔσθ’
238 377 298 426 οἵη
324 375 447 427 πάρος
471 376 587 416 ἔσκεν
613 376 671 415 ἐνὶ
697 380 936 427 γναμπτοῖσι
961 376 1167 426 μέλεσσιν.

128 441 198 482 εἴθ’
223 441 274 483 ὣς
297 442 470 493 ἡβώοιμι
495 442 565 492 βίη
593 440 634 482 δέ
659 458 725 492 μοι
751 442 916 492 ἔμπεδος
942 443 1013 492 εἵη,
1389 450 1451 489 670

128 507 178 549 ὡς
203 507 312 548 ὁπότ’
339 507 539 548 Ἠλείοισι
568 508 630 548 καὶ
654 508 747 558 ἡμῖν
773 512 898 550 νεῖκος
925 508 1066 561 ἐτύχθη

127 575 229 627 ἀμφὶ
253 576 470 630 βοηλασίῃ,
498 573 553 614 ὅτ’
581 575 659 626 ἐγὼ
686 573 825 615 κτάνον
850 574 1065 625 Ἰτυμονῆα,

128 640 274 681 ἐσθλὸν
299 640 593 694 εὙπειροχίδην,
622 640 664 682 ὃς
689 642 731 681 ἐν
751 640 891 681 ”Ηλιδι
916 641 1161 687 ναιετάασκε,

126 706 229 758 ῥύσι’
256 708 527 758 ἐλαυνόμενος·
569 708 588 746 ὁ
614 707 646 747 δ’
672 708 828 758 ἀμύνων
851 706 918 763 ᾗσι
942 708 1115 758 βόεσσιν

128 773 266 824 ἔβλητ’
293 775 334 814 ἐν
360 773 575 825 πρώτοισιν
603 775 696 825 ἐμῆς
721 773 797 814 ἀπὸ
822 773 955 827 χειρὸς
980 773 1126 819 άκοντι,
1390 779 1451 819 675

130 842 197 880 κὰδ
223 839 256 880 δ’
284 841 440 886 ἔπεσεν,
467 841 558 881 λαοὶ
584 842 624 881 δὲ
650 841 886 892 περίτρεσαν
911 841 1132 892 ἀγροιῶται.

128 905 244 956 ληΐδα
269 906 302 947 δ’
331 908 372 947 ἐκ
398 908 532 948 πεδίου
559 906 865 957 συνελάσσαμεν
890 906 1008 957 ἤλιθα
1033 906 1201 957 πολλήν,

128 972 372 1023 πεντήκοντα
396 977 506 1024 βοῶν
533 973 693 1026 ἀγέλας,
720 973 822 1013 τόσα
846 973 954 1013 πώεα
978 974 1081 1019 οἰῶν,

128 1039 259 1079 τόσσα
286 1043 391 1080 συῶν
418 1041 609 1091 συβόσια,
636 1039 722 1079 τόσ’
748 1040 911 1080 αἰπόλια
935 1039 1076 1080 πλατέ’
1101 1041 1236 1092 αἰγῶν,

127 1106 267 1148 ἵππους
295 1108 335 1146 δὲ
361 1105 506 1156 ξανθὰς
531 1105 669 1147 ἑκατὸν
695 1107 756 1146 καὶ
782 1105 1033 1156 πεντήκοντα,
1389 1112 1452 1141 680

128 1171 260 1214 πάσας
288 1173 458 1222 θηλείας,
487 1178 663 1230 πολλῇσι
687 1175 728 1213 δὲ
754 1176 880 1213 πῶλοι
905 1173 1074 1223 ὑπῆσαν.

130 1238 191 1277 καὶ
216 1240 263 1278 τὰ
289 1241 360 1289 μὲν
385 1238 650 1291 ἠλασάμεσθα
676 1239 812 1279 Πύλον
838 1238 1017 1289 Νηλήϊον
1042 1240 1135 1279 εἵσω

130 1304 303 1357 ἐννύχιοι
328 1306 441 1357 προτὶ
465 1304 578 1346 ἄστυ·
616 1304 775 1357 γεγήθει
800 1308 840 1346 δὲ
866 1304 992 1357 φρένα
1019 1306 1187 1354 Νηλεύς,

129 1370 267 1411 οὕνεκά
292 1388 358 1422 μοι
380 1371 475 1424 τύχε
500 1373 631 1412 πολλὰ
657 1371 729 1425 νέῳ
755 1372 974 1421 πόλεμόνδε
1001 1371 1134 1412 κιόντι.

131 1435 289 1489 κήρυκες
316 1436 349 1477 δ’
377 1438 577 1489 ἐλίγαινον
602 1437 666 1487 ἅμ’
692 1437 757 1486 ἠοῖ
779 1436 1047 1488 φαινομένηφι
1389 1442 1449 1479 685

128 1502 216 1545 τοὺς
242 1504 329 1554 ἵμεν
355 1504 436 1543 οἶσι
460 1507 590 1556 χρεῖος
616 1502 789 1554 ὀφείλετ’
816 1505 857 1543 ἐν
876 1502 1016 1543 ”Ηλιὸι
1041 1504 1115 1558 δίῃ·

128 1571 163 1610 οἱ
192 1571 233 1610 δὲ
259 1570 544 1622 συναγρόμενοι
571 1570 732 1610 Πυλίων
758 1567 944 1621 ἡγήτορες
969 1567 1105 1620 ἄνδρες

127 1636 340 1687 δαίτρευον·
381 1634 552 1676 πολέσιν
575 1637 648 1687 γὰρ
673 1635 825 1675 Ἐπειοὶ
851 1639 981 1687 χρεῖος
1006 1637 1182 1686 ὄφειλον,

127 1701 178 1743 ὡς
203 1702 314 1753 ἡμεῖς
339 1706 477 1754 παῦροι
504 1701 765 1752 κεκακωμένοι
789 1703 830 1741 ἐν
856 1702 977 1755 Πύλῳ
1003 1700 1111 1751 ἦμεν·

128 1768 254 1809 ἐλθὼν
280 1768 354 1820 γάρ
376 1768 415 1819 ῥ’
448 1767 623 1808 ἐκάκωσε
648 1769 719 1818 βίη
744 1767 982 1819 “Ηρακληείη
1387 1771 1450 1813 690

127 1838 204 1875 τῶν
229 1834 427 1887 προτέρων
456 1834 589 1880 ἐτέων,
619 1835 715 1874 κατὰ
739 1833 771 1873 δ’
797 1833 958 1874 ἔκταθεν
983 1831 1102 1873 ὅσσοι
1126 1831 1293 1884 ἄριστοι·

128 1900 275 1941 δώδεκα
299 1903 374 1953 γὰρ
401 1903 562 1951 Νηλῆος
588 1901 783 1952 ἀμύμονος
808 1899 908 1942 υἱέες
934 1898 1042 1950 ἦμεν·

127 1970 204 2007 τῶν
229 1967 310 2009 οἶος
333 1968 520 2017 λιπόμην,
547 1969 583 2007 οἱ
608 1966 640 2007 δ’
667 1966 784 2007 ἄλλοι
808 1966 951 2008 πάντες
974 1967 1125 2006 ὄλοντο.

127 2032 235 2072 ταῦθ’
260 2032 600 2085 ὑπερηφανέοντες
626 2032 780 2073 Ἐπειοὶ
805 2032 1111 2084 χαλκοχίτωνες,

126 2097 248 2148 ἡμέας
272 2100 510 2152 ὑβρίζοντες,
538 2099 749 2139 ἀτάσθαλα
777 2099 1048 2151 μηχανόωντο.
1385 2100 1446 2139 695

169 2190 234 2229 672
258 2190 420 2231 βοηλασίῃ
438 2188 496 2220 Ar.
516 2188 684 2220 afth¹
696 2186 778 2219 V³21
810 2188 991 2226 βοηλασίης
1008 2187 1095 2227 vulg.
1116 2199 1122 2218 :
1146 2190 1328 2225 βοηλασῑαν
1345 2197 1363 2217 e

126 2233 188 2262 681
216 2234 341 2270 ἐπῆσαν
356 2242 376 2263 e
391 2242 399 2262 t
423 2234 569 2273 ὑπῆρχον
584 2237 609 2263 h
620 2232 671 2262 Ge
810 2233 874 2261 686
898 2234 1005 2272 χρεῖος
1021 2230 1195 2269 Aristoph.
1215 2230 1303 2269 vulg.
1317 2241 1323 2260 ε
1349 2229 1450 2270 χρέως

127 2274 184 2306 Ar.
204 2274 247 2313 A,
267 2275 361 2306 Leid.
378 2285 419 2315 33
432 2275 476 2313 H,
489 2276 518 2305 T
533 2287 540 2305 :
564 2274 659 2317 χρέος
676 2275 888 2311 efhnqu
907 2274 948 2305 al.
1050 2274 1116 2304 688
1140 2273 1282 2313 ὄφελλον
1298 2283 1326 2302 ν.
1341 2272 1360 2302 l.
1379 2277 1446 2302 ant.

128 2321 250 2348 adhk
262 2318 326 2349 BC
343 2318 384 2350 al.
484 2318 550 2358 689
574 2317 685 2359 Πύλῳ]
705 2317 799 2350 πόλει
816 2328 846 2348 ν.
861 2317 880 2348 l.
898 2322 965 2347 ant.
1063 2318 1130 2356 690
1152 2315 1214 2357 γάρ
1229 2317 1261 2356 ῥ’
1278 2314 1427 2346 clnoA
1442 2326 1450 2344 -z

127 2359 154 2401 ῥ’
171 2370 235 2391 om.
255 2365 316 2392 cet.
478 2363 539 2400 691
567 2362 648 2393 κατὰ
664 2362 691 2393 δ’
710 2361 844 2393 ἔκτανεν
860 2371 878 2391 e
890 2363 937 2390 fh
948 2363 1008 2390 im
1019 2369 1043 2389 n
1054 2360 1093 2398 T,
1110 2370 1140 2390 v.
1155 2359 1174 2390 l.
1192 2369 1244 2398 ap.
1266 2358 1359 2389 Eust.

127 2405 191 2443 692
215 2404 369 2444 ἀμύμονες
387 2408 536 2436 efhim
553 2403 594 2435 al.
729 2405 793 2443 694
818 2402 951 2443 Ἐπειοὶ]
970 2402 1094 2443 Ἀχαιοὶ
1112 2412 1141 2433 ν.
1157 2401 1178 2434 Ι.
1196 2406 1264 2432 ant.

1261 2455 1319 2486 10*
