1624 2802
572 152 609 187 (3.
682 147 936 185 ΙΛΙΑΔΟΣ
984 148 1014 185 Ζ

136 252 277 293 πολλοὶ
301 253 372 303 μὲν
397 252 471 304 γὰρ
497 252 581 302 ἐμοὶ
604 254 738 303 Τρῶες
766 252 915 291 κλειτοί
936 250 968 290 τ’
994 251 1202 303 ἐπίκουροι,

136 319 297 359 κτείνειν
322 319 367 358 ὅν
393 335 434 359 κε
460 318 547 360 θεός
570 335 616 371 γε
641 318 741 374 πόρῃ
768 319 828 358 καὶ
854 317 978 358 ποσσὶ
1004 318 1151 370 κιχείω,

134 384 274 426 πολλοὶ
299 384 330 424 δ’
355 384 402 424 αὖ
428 384 493 425 σοὶ
517 383 674 438 Ἀχαιοὶ
700 383 902 436 ἐναιρέμεν
927 384 971 423 ὅν
997 401 1038 424 κε
1063 384 1211 433 δύνηαι.

133 451 271 504 τεύχεα
295 450 326 490 δ’
352 450 545 501 ἀλλήλοις
569 452 854 503 ἐπαμείψομεν,
881 452 987 502 ὄφρα
1013 450 1073 490 καὶ
1100 451 1180 490 οἵδε

133 521 279 570 γνῶσιν
303 518 363 558 ὅτι
387 516 508 568 ξεῖνοι
532 518 721 569 πατρώϊοι
745 515 923 570 εὐχόμεθ>
950 516 1085 557 εῖναι.”

192 582 269 625 ““Ως
295 583 368 636 ἄρα
393 583 642 637 φωνήσαντε,
671 583 753 624 καθ’
779 584 908 624 ἵππων
933 582 1103 634 ἀΐξαντε,

132 649 262 703 χεῖράς
286 649 318 690 τ’
344 649 533 700 ἀλλήλων
558 649 737 702 λαβέτην
763 651 824 691 καὶ
849 650 1115 691 πιστώσαντο·

131 715 207 757 ἔνθ’
233 716 323 757 αῧτε
347 717 508 771 Γλαύκῳ
535 718 725 769 Κρονίδης
751 715 898 769 φρένας
924 716 1081 767 ἐξέλετο
1108 715 1216 761 Ζεύς,

130 781 171 824 ὃς
195 782 290 834 πρὸς
313 783 503 833 Τυδεΐδην
530 783 729 834 Διομήδεα
753 783 880 836 τεύχε’
906 783 1047 834 ἄμειβε

129 849 279 902 χρύσεα
303 851 513 902 χαλκείων,
542 849 768 901 ἑκατόμβοι’
795 850 1049 901 ἐννεαβοίων.

188 914 343 967 ’Έκτωρ
368 915 400 955 δ’
427 916 477 958 ὡς
504 916 647 958 Σκαιάς
671 933 713 956 τε
738 917 864 957 πύλας
892 917 953 956 καὶ
979 915 1108 968 φηγὸν
1134 916 1278 961 ἵκανεν,

129 980 226 1034 ἀμφ’
250 981 323 1033 ἄρα
346 999 412 1033 μιν
435 983 583 1034 Τρώων
606 982 749 1036 ἄλοχοι
774 982 864 1023 θέον
888 983 955 1033 ἠδὲ
982 982 1168 1034 θύγατρες

129 1048 322 1099 εἰρόμεναι
346 1048 486 1091 παῖδάς
511 1065 553 1089 τε
579 1049 839 1101 κασιγνήτους
863 1066 906 1090 τε
931 1049 1019 1090 ἔτας
1044 1065 1086 1088 τε

129 1115 190 1154 καὶ
214 1115 368 1156 πόσιας·
407 1116 427 1154 ὁ
451 1115 483 1154 δ’
510 1115 644 1156 ἔπειτα
669 1118 772 1157 θεοῖς
797 1116 986 1169 εὔχεσθαι
1011 1115 1155 1166 ἀνώγει

128 1179 257 1221 πάσας
283 1179 421 1231 ἑξείης·
458 1186 634 1238 πολλῇσι
658 1183 699 1222 δὲ
727 1181 828 1232 κήδε’
855 1183 1023 1234 ἐφῆπτο.

191 1246 304 1286 Ἀλλ’
330 1247 394 1287 ὅτε
419 1246 464 1297 δὴ
491 1247 686 1299 Πριάμοιο
712 1249 831 1298 δόμον
856 1246 1086 1300 περικαλλέ’
1112 1248 1231 1293 ἵκανε,

128 1311 268 1369 ξεστῇς
292 1313 505 1369 αἰθούσῃσι
529 1313 945 1366 τετυγμένον-αὐτὰρ
971 1316 1012 1354 ἐν
1037 1313 1138 1367 αὐτῷ

127 1377 351 1429 πεντήκοντ’
378 1380 519 1420 ἔνεσαν
545 1380 715 1431 θάλαμοι
740 1380 897 1431 ξεστοῖο
921 1381 1063 1426 λίθοιο,

127 1447 298 1495 πλησίον
323 1446 512 1497 ἀλλήλων
538 1446 781 1498 δεδμημένοι·
820 1447 914 1487 ἔνθα
938 1449 980 1487 δὲ
1006 1448 1140 1488 παῖδες

127 1515 312 1562 κοιμῶντο
339 1512 533 1565 Πριάμοιο
558 1515 662 1565 παρὰ
685 1519 861 1569 μνηστῇς
886 1514 1087 1566 ἀλόχοισι·

126 1577 296 1630 κουράων
321 1578 353 1618 δ’
379 1578 568 1630 ἑτέρωθεν
593 1580 762 1619 ἐναντίοι
786 1580 944 1619 ἔνδοθεν
969 1579 1090 1629 αὐλῆς

126 1643 257 1684 δώδεκ’
283 1645 380 1685 ἔσαν
405 1644 533 1697 τέγεοι
559 1644 729 1696 θάλαμοι
754 1644 910 1695 ξεστοῖο
934 1646 1074 1690 λίθοιο,

126 1712 296 1759 πλησίον
321 1711 511 1762 ἀλλήλων
536 1711 781 1762 δεδμημένοι·
819 1711 914 1752 ἔνθα
938 1714 979 1752 δὲ
1004 1710 1177 1763 γαμβροὶ

125 1780 312 1827 κοιμῶντο
339 1777 536 1829 Πριάμοιο
562 1777 651 1830 παρ’
677 1779 826 1834 αἰδοίῃς
851 1778 1073 1830 ἀλόχοισιν.

124 1841 215 1882 ἔνθα
239 1844 275 1883 οἱ
298 1843 516 1895 ἠπιόδωρος
541 1844 697 1894 ἐναντίη
723 1844 843 1894 ἤλυθε
866 1843 992 1896 μήτηρ

123 1909 316 1960 Λαοδίκην
340 1909 555 1962 ἐσάγουσα,
584 1913 782 1962 θυγατρῶν
808 1910 909 1952 εῖδος
935 1911 1112 1962 ἀρίστην·

123 1973 164 2014 ἔν
187 1974 220 2014 τ’
243 1974 317 2026 ἄρα
342 1977 377 2016 οἱ
403 1979 458 2028 φῦ
482 1977 584 2029 χειρὶ
609 1976 702 2018 ἔπος
726 1976 759 2015 τ’
784 1976 899 2029 ἔφατ’
924 1977 966 2017 ἔκ
990 1976 1023 2014 τ’
1048 1978 1225 2028 ὀνόμαζε·

125 2042 149 2058 “
165 2039 314 2089 τέκνον,
340 2043 451 2082 τίπτε
475 2043 602 2082 λιπὼν
628 2043 802 2093 πόλεμον
828 2043 977 2094 θρασὺν
1003 2042 1234 2093 εἰλήλουθας
1243 2059 1253 2088 ,·

123 2104 145 2155 ἧ
168 2106 275 2156 μάλα
299 2107 344 2158 δὴ
370 2109 542 2160 τείρουσι
569 2109 789 2160 δυσώνυμοι
812 2110 890 2150 υῖες
916 2109 1088 2161 Ἀχαιῶν

122 2172 358 2224 μαρνάμενοι
382 2174 470 2225 περὶ
494 2174 606 2215 ἄστυ·
645 2177 691 2216 σὲ
717 2175 749 2214 δ’
775 2175 912 2215 ἐνθάδε
938 2175 1056 2226 θυμὸς
1082 2176 1224 2225 ἀνῆκεν

163 2276 223 2305 237
247 2269 353 2309 φηγὸν
369 2270 611 2307 defopqrA
629 2280 672 2301 ss.
697 2271 723 2300 B
737 2271 762 2301 C
776 2271 843 2301 DT
857 2271 896 2302 al.
915 2283 920 2302 :
946 2271 1065 2313 πύργον
1083 2271 1170 2311 vulg⁴

1388 463 1449 494 230

1384 1127 1444 1157 240

1381 1457 1442 1489 245

1379 1788 1440 1818 250

1377 2121 1436 2150 255

1279 2284 1337 2312 :241
1360 2278 1438 2306 πᾶσι

120 2309 195 2347 μάλ’
214 2320 242 2340 ν.
259 2310 278 2341 l.
299 2316 366 2342 ant.
559 2324 621 2352 244
647 2314 760 2346 ἔνεσαν
776 2314 833 2344 Ar.
856 2315 941 2353 vulg.
965 2326 971 2345 :
996 2315 1082 2353 ἔσαν,
1104 2315 1205 2348 ἔσσαν
1221 2317 1304 2347 ch
1317 2317 1381 2348 CT
1394 2317 1434 2347 al.

204 2354 266 2392 246
289 2355 450 2397 μνηστῇς]
469 2356 589 2398 αἰδοίῃς
606 2357 733 2395 chiT‚
754 2368 782 2388 v.
801 2358 822 2388 Ι.
844 2358 876 2388 in
894 2357 925 2387 Α
1054 2368 1118 2398 250
1141 2359 1272 2402 αἰδοίῃς]
1293 2362 1437 2403 μνηστῇς

121 2397 154 2427 d,
173 2405 201 2425 ν.
216 2396 235 2427 1.
255 2396 289 2427 in
306 2397 337 2427 A
