1660 2802
637 117 672 152 9.
749 112 1004 150 ΙΛΙΑΔΟΣ.
1065 114 1078 149 l

187 224 234 275 τῇ
259 217 429 267 πιθόμην
456 216 515 256 καὶ
543 214 668 268 ἔρεξα·
709 216 835 267 πατὴρ
864 216 896 255 δ’
923 216 1014 267 ἐμὸς
1039 216 1162 258 αὐτίκ’
1187 217 1336 259 ὀϊσθεὶς

188 285 321 324 πολλὰ
346 286 552 335 κατηρᾶτο,
583 284 777 335 στυγερὰς
802 282 834 322 δ’
864 282 1088 324 ἐπεκέκλετ’
1114 283 1280 335 Ἐρινῦς,

187 349 238 401 μή
266 366 361 391 ποτε
386 350 576 401 γούνασιν
603 350 708 390 οἶσιν
737 348 991 401 ἐφέσσεσθαι
1018 351 1140 402 φίλον
1164 350 1248 391 υἱὸν
1449 364 1513 395 455

188 416 234 467 ἐξ
255 416 392 467 ἐμέθεν
417 420 611 468 γεγαῶτα·
651 416 732 456 θεοὶ
761 415 793 455 δ’
821 415 994 456 ἐτέλειον
1022 416 1180 469 ἐπαράς,

190 484 286 524 Ζεύς
311 500 354 524 τε
379 484 637 536 καταχθόνιος
664 482 725 522 καὶ
753 482 891 533 ἐπαινὴ
921 484 1213 536 Περσεφόνεια.
1452 494 1516 528 457

189 549 267 590 ἔνθ’
294 550 379 600 ἐμοὶ
404 548 533 590 οὐκέτι
558 549 721 601 πάμπαν
750 549 922 601 ἐρητύετ’
948 551 991 590 ἐν
1018 550 1139 602 φρεσὶ
1167 549 1286 601 θυμὸς
1451 555 1515 595 462

190 616 334 668 πατρὸς
360 615 577 670 χωομένοιο
605 618 701 656 κατὰ
727 615 879 668 μέγαρα
907 619 1184 669 στρωφᾶσθαι.

190 682 211 732 ἦ
237 686 309 733 μὲν
334 685 466 723 πολλὰ
491 682 573 723 ἔται
599 683 660 722 καὶ
686 683 845 735 ἀνεψιοὶ
873 683 996 735 ἀμφὶς
1022 684 1153 724 ἐόντες

190 749 306 789 αὑτοῦ
331 750 568 800 λισσόμενοι
595 749 830 801 κατερήτυον
859 751 901 790 ἐν
925 749 1147 801 μεγάροισι,
1453 753 1516 793 465

191 818 324 857 πολλὰ
348 818 389 856 δὲ
414 817 505 868 ἴφια
527 819 635 866 μῆλα
662 817 722 856 καὶ
752 817 951 857 εἰλίποδας
977 816 1108 858 ἕλικας
1134 819 1232 867 βοῦς

191 883 380 935 ἔσφαζον,
408 883 553 923 πολλοὶ
578 885 619 924 δὲ
647 883 738 924 σύες
767 882 1002 924 θαλέθοντες
1027 883 1178 940 ἀλοιφῇ

192 950 368 999 εὑόμενοι
393 949 581 990 τανύοντο
607 951 669 990 διὰ
696 949 848 1002 φλογὸς
874 949 1132 1002 εΗφαίστοιο,

192 1016 344 1056 πολλὸν
370 1015 402 1055 δ’
429 1017 471 1056 ἐκ
498 1015 673 1068 κεράμων
697 1016 794 1067 μέθυ
820 1018 953 1057 πίνετο
981 1020 1063 1056 τοῖο
1088 1015 1286 1069 γέροντος.

193 1081 393 1136 εἰνάνυχες
419 1082 460 1123 δέ
483 1100 550 1133 μοι
575 1083 673 1135 ἀμφ’
699 1083 801 1138 αὐτῷ
826 1084 929 1135 παρὰ
958 1083 1097 1125 νύκτας
1121 1085 1244 1124 ἴαυον·
1456 1094 1519 1127 470

193 1151 228 1189 οἱ
252 1151 325 1199 μὲν
350 1150 606 1200 ἀμειβόμενοι
632 1151 811 1201 φυλακὰς
838 1150 945 1203 ἔχον,
977 1149 1064 1190 οὐδέ
1087 1149 1173 1190 ποτ’
1197 1149 1302 1201 ἔσβη

193 1219 278 1267 πῦρ,
307 1216 439 1267 ἕτερον
464 1218 535 1266 μὲν
560 1215 622 1256 ὑπ’
648 1216 813 1272 αἰθούσῃ
843 1216 1018 1268 εὐερκέος
1044 1216 1177 1267 αὐλῆς,

192 1282 294 1322 ἄλλο
320 1282 351 1322 δ’
378 1283 434 1323 ἐνὶ
459 1283 654 1337 προδόμῳ,
684 1283 857 1335 πρόσθεν
885 1282 1077 1333 θαλάμοιο
1103 1282 1267 1334 θυράων.

194 1349 284 1388 ἀλλ’
310 1350 375 1389 ὅτε
401 1348 444 1399 δὴ
472 1348 610 1399 δεκάτη
637 1366 702 1399 μοι
728 1349 899 1400 ἐπήλυθε
924 1348 997 1400 νὺξ
1022 1348 1224 1401 ἐρεβεννή,

195 1415 256 1455 καὶ
281 1415 360 1455 τότ’
388 1416 464 1467 ἐγὼ
491 1413 682 1466 θαλάμοιο
709 1416 824 1467 θύρας
853 1419 1020 1457 πυκινῶς
1045 1417 1230 1468 ἀραρυίας
1454 1426 1518 1461 475

193 1480 312 1533 ῥήξας
338 1480 518 1532 ἐξῆλθον,
547 1482 609 1522 καὶ
634 1482 848 1534 ὑπέρθορον
881 1483 1008 1534 ἑρκίον
1033 1483 1155 1533 αὐλῆς

193 1549 289 1599 ῥεῖα,
316 1549 448 1589 λαθὼν
475 1548 654 1601 φύλακάς
679 1548 712 1587 τ’
737 1549 878 1601 ἄνδρας
905 1548 1034 1604 δμῳάς
1057 1566 1099 1590 τε
1124 1552 1321 1602 γυναῖκας.

195 1618 345 1667 φεῦγον
371 1615 489 1656 ἔπειτ’
515 1616 707 1656 ἀπάνευθε
734 1615 780 1655 δι’
805 1615 1001 1658 Ἑλλάδος
1028 1616 1266 1669 εὐρυχόροιο,

196 1682 323 1732 Φθίην
348 1681 380 1721 δ’
408 1681 590 1733 ἐξικόμην
616 1682 854 1733 ἐριβώλακα,
882 1682 1030 1735 μητέρα
1055 1682 1205 1734 μήλων,

196 1749 235 1790 ἐς
261 1751 406 1798 Πηλῆα
431 1748 582 1803 ἄναχθ’·
621 1750 640 1789 ὁ
666 1749 709 1790 δέ
733 1767 780 1800 με
806 1751 997 1802 πρόφρων
1023 1749 1224 1799 ὑπέδεκτο,
1459 1753 1520 1791 480

238 1856 299 1885 453
324 1848 364 1888 τῇ
382 1848 416 1877 οὐ
434 1846 569 1885 πιθόμην
586 1848 648 1878 οὐδ’
668 1846 739 1887 ἔρξα
755 1845 988 1876 Aristodemus
1007 1845 1226 1885 Nysaee-usis,
1248 1846 1457 1886 Sosiphanes

195 1900 257 1929 455
281 1889 412 1930 ’γούνασ’
431 1891 552 1928 ἐμοῖσιν
569 1900 599 1920 ν.
611 1889 630 1919 l.
650 1894 721 1920 ant.
892 1889 1088 1930 ἐφέσσεσθαι
1105 1889 1164 1921 Ar.
1182 1890 1269 1929 vulg.
1290 1901 1297 1920 :
1322 1889 1521 1931 ἐφέσσασθαι

194 1938 243 1964 hi
258 1933 287 1963 D
300 1931 342 1962 Vl
357 1944 363 1962 2
390 1931 556 1971 ἐφέζεσθαι
574 1943 595 1963 a
608 1936 709 1969 eflp
722 1932 748 1962 Β
761 1932 787 1963 C
799 1932 857 1962 V³²
968 1942 1028 1972 457
1055 1933 1182 1974 ἐπαινὴ]
1201 1935 1249 1964 ἐπ’
1266 1936 1351 1974 αὐτῷ
1367 1943 1396 1964 V.
1413 1933 1432 1964 l.
1450 1939 1519 1965 ant.

281 1975 494 2017 Φερσεφόνεια
511 1976 541 2006 Α
558 1986 601 2006 ss.
621 1975 714 2006 Eust.
853 1977 1000 2014 458—461
1027 1976 1089 2006 hos
1104 1981 1262 2015 quattuor
1277 1986 1441 2007 versus—

412 2020 469 2049 τὸν
485 2018 543 2057 μὲν
564 2020 626 2059 ἐγὼ
643 2019 808 2055 βούλευσα
825 2019 1030 2058 κατακτάμεν
1046 2018 1113 2062 ὀξέϊ
1125 2023 1251 2060 χαλκῷ·

415 2062 502 2093 ἀλλά
518 2075 565 2094 τις
583 2062 747 2094 ἀθανάτων
765 2065 886 2094 παῦσεν
903 2063 1018 2103 χόλον,
1039 2064 1071 2095 ὅς
1088 2065 1115 2103 ῥ’
1132 2064 1175 2095 ἐνὶ
1195 2066 1277 2103 θυμῷ

413 2106 512 2143 δήμου
529 2107 603 2142 θῆκε
621 2105 717 2145 φάτιν
734 2106 784 2137 καὶ
803 2106 925 2137 ὀνείδεα
942 2105 1041 2137 πόλλ’
1060 2107 1236 2147 ἀνθρώπων,

413 2150 452 2180 ὡς
470 2149 512 2185 μὴ
530 2149 730 2189 πατροφόνος
749 2151 821 2188 μετ’
839 2150 1016 2189 Ἀχαιοῖσιν
1034 2149 1211 2188 καλεοίμην

196 2194 249 2224 cit.
269 2192 432 2223 Plutarch.
451 2192 492 2221 de
507 2193 580 2222 aud.
597 2197 686 2231 poet.
698 2193 718 2222 8
735 2192 957 2234 (Ἀρίσταρχος
972 2194 1073 2232 ἐξεῖλε
1089 2195 1193 2224 ταῦτα
1208 2194 1248 2224 τὰ
1266 2192 1326 2231 ἔπη
1344 2192 1493 2232 φοβηθείς
1511 2203 1516 2221 :

195 2236 235 2268 cf.
259 2236 428 2267 Coriolan.
449 2245 502 2273 32.
523 2236 563 2265 de
581 2235 668 2266 adul.
697 2241 730 2266 et
754 2236 861 2266 amico
885 2236 955 2275 33),
983 2236 1036 2266 hic
1061 2236 1136 2266 add.
1154 2236 1229 2267 edd.
1244 2236 1323 2266 inde
1346 2247 1365 2266 a
1389 2235 1517 2269 Wolfio

196 2280 311 2319 (1785)
506 2280 568 2317 463
602 2278 822 2320 στροφάασθαι
847 2289 916 2316 mp
930 2279 980 2310 Ge
993 2278 1150 2310 N4U⁶V⁹
1165 2289 1197 2311 v.
1212 2279 1232 2310 l.
1259 2289 1311 2318 ap.
1338 2279 1430 2310 Eust.

195 2326 256 2362 464
283 2324 379 2364 ἀμφὶς
397 2322 504 2355 ἐόντες
524 2322 582 2352 Ar.
601 2325 702 2359 (teste
721 2322 819 2354 Dion.
839 2322 985 2363 Thrace)
1004 2322 1099 2353 codd.
1118 2333 1123 2353 :
1150 2322 1338 2355 ἀντιόωντες
1354 2333 1385 2354 v.
1398 2323 1418 2354 1.
1438 2327 1516 2353 ant:

196 2368 292 2408 ἐγγὺς
310 2366 417 2399 ἐόντες
433 2364 515 2397 fL1³
528 2365 573 2396 0‘2
588 2364 647 2396 U¹1
660 2365 718 2395 V¹⁴3'
735 2376 763 2396 v.
777 2364 797 2395 l.
816 2365 849 2396 in
867 2365 897 2396 A
1017 2375 1080 2404 472
1105 2365 1166 2405 ὑπ’]
1186 2368 1219 2398 ἐν
1235 2365 1293 2396 Ar.
1313 2369 1338 2396 h
1353 2377 1382 2397 v.
1397 2366 1417 2397 1.
1437 2366 1469 2396 in
1486 2365 1517 2396 A
