1660 2802
674 162 710 197 5.
784 156 1043 193 ΙΛΙΑΔΟΣ
1092 156 1123 193 Ε

237 260 383 301 λύσασ’
408 259 453 311 ἐξ
475 258 615 313 ὀχέων,
642 260 730 312 περὶ
755 258 787 299 δ’
812 257 908 311 ἠέρα
931 258 1078 299 πουλὺν
1104 259 1228 312 ἔχευε·

235 331 363 367 τοῖσιν
389 327 421 366 δ’
449 328 676 378 ἀμβροσίην
701 326 859 376 Σιμόεις
884 323 1060 366 ἀνέτειλε
1085 323 1284 376 νέμεσθαι.

303 395 351 433 Αἰ
377 396 418 433 δὲ
443 391 571 444 βάτην
596 392 769 444 τρήρωσι
794 390 1003 432 πελειάσιν
1027 391 1156 442 ἴθμαθ’
1182 392 1324 443 ὁμοῖαι,

236 458 425 511 ἀνδράσιν
450 459 691 511 Ἀργείοισιν
717 457 950 508 ἀλεξέμεναι
973 461 1168 508 μεμαυῖαι·

236 526 327 566 ἀλλ’
353 527 416 566 ὅτε
443 526 488 576 δή
513 525 552 577 ῥ’
579 526 714 565 ἵκανον
739 526 800 564 ὅθι
826 528 1010 565 πλεῖστοι
1035 525 1097 564 καὶ
1122 523 1276 575 ἄριστοι
1495 529 1559 568 780

236 593 427 638 ἕστασαν,
455 592 556 643 ἀμφὶ
582 593 677 642 βίην
704 590 923 642 Διομήδεος
949 588 1183 642 ἱπποδάμοιο

238 659 446 708 εἰλόμενοι,
474 658 651 698 λείουσιν
677 658 847 699 ἐοικότες
873 655 1149 710 ὠμοφάγοισιν

239 722 258 773 ἣ
286 726 381 764 συσὶ
408 723 630 776 κάπροισιν,
659 728 736 764 τῶν
761 741 803 764 τε
828 722 969 765 σθένος
994 723 1062 763 οὐκ
1088 722 1330 771 ἀλαπαδνόν,

237 791 329 830 ἔνθα
356 790 473 830 στᾶσ’
501 790 599 840 ἤϋσε
625 792 694 830 θεὰ
718 791 960 832 λευκώλενος
978 789 1103 842 (Ἡρη,

237 855 422 908 Στέντορι
447 855 635 907 εἰσαμένη
661 856 905 909 μεγαλήτορι
928 856 1215 910 χαλκεοφώνῳ,
1496 859 1558 898 785

236 922 277 964 ὃς
301 924 423 962 τόσον
449 922 674 975 αὐδήσασχ’
701 925 799 963 ὅσον
823 923 941 963 ἄλλοι
965 922 1221 973 πεντήκοντα·

239 992 262 1005 “
280 990 407 1035 αἰδώς,
435 990 620 1041 Ἀργεῖοι,
651 988 731 1029 κάκ’
758 987 940 1043 ἐλέγχεα,
969 990 1070 1031 εἶδος
1094 989 1244 1041 ἀγητοί·

236 1057 342 1107 ὄφρα
366 1058 437 1106 μὲν
463 1057 502 1097 ἐς
528 1057 703 1106 πόλεμον
730 1054 962 1096 πωλέσκετο
987 1059 1069 1097 δῖος
1092 1053 1318 1108 Ἀχιλλεύς,

236 1119 324 1161 οὐδέ
348 1139 441 1163 ποτε
466 1125 600 1174 Τρῶες
626 1122 700 1174 πρὸ
727 1120 886 1163 πυλάων
913 1120 1171 1173 Δαρδανιάων

236 1189 459 1240 οἴχνεσκον·
503 1189 630 1229 κείνου
655 1190 730 1240 γὰρ
756 1190 952 1229 ἐδείδισαν
977 1190 1144 1240 ὄβριμον
1169 1188 1301 1240 ἔγχος·
1495 1197 1559 1229 790

235 1257 303 1294 νῦν
329 1256 370 1294 δὲ
396 1256 486 1296 ἑκὰς
511 1255 650 1296 πόλιος
677 1256 810 1310 κοίλῃς
835 1255 899 1295 ἐπὶ
924 1255 1038 1305 νηυσὶ
1063 1252 1297 1307 μάχονται.”

296 1318 375 1362 Ἳὶς
400 1321 552 1361 εἰποῦσ’
580 1322 724 1373 ὤτρυνε
748 1320 865 1372 μένος
891 1322 953 1361 καὶ
979 1320 1097 1372 θυμὸν
1124 1318 1303 1361 ἑκάστου.

235 1386 401 1442 Τυδεΐδῃ
427 1387 460 1426 δ’
486 1388 679 1440 ἐπόρουσε
705 1389 775 1428 θεὰ
799 1391 1025 1439 γλαυκῶπις
1049 1386 1210 1437 Ἀθήνη·

236 1452 321 1504 εὗρε
346 1455 387 1493 δὲ
414 1454 480 1494 τόν
508 1470 554 1505 γε
579 1453 727 1493 ἄνακτα
752 1453 841 1505 παρ’
867 1455 1049 1494 ἵπποισιν
1075 1453 1137 1493 καὶ
1162 1454 1335 1505 ὄχεσφιν

236 1519 350 1560 ἕλκος
376 1520 649 1572 ἀναψύχοντα,
676 1521 722 1560 τό
745 1537 812 1571 μιν
837 1519 942 1571 βάλε
967 1519 1175 1571 Πάνδαρος
1202 1520 1258 1573 ἰῷ.
1496 1529 1558 1562 795

236 1586 349 1636 ἱδρὼς
374 1586 448 1637 γάρ
472 1604 539 1637 μιν
561 1587 707 1639 ἔτειρεν
731 1586 806 1627 ὑπὸ
832 1585 1002 1628 πλατέος
1027 1589 1253 1636 τελαμῶνος

235 1652 401 1693 ἀσπίδος
428 1652 628 1693 εὐκύκλου·
667 1657 719 1707 τῷ
746 1654 908 1705 τείρετο,
938 1652 1057 1703 κάμνε
1082 1654 1124 1692 δὲ
1148 1655 1275 1704 χεῖρα,

234 1717 282 1758 ἂν
307 1717 339 1758 δ’
364 1720 492 1771 ἴσχων
518 1723 727 1770 τελαμῶνα
753 1722 984 1771 κελαινεφὲς
1009 1718 1088 1769 αἷμ’
1114 1718 1352 1770 ἀπομόργνυ.

236 1785 391 1825 ἱππείου
416 1787 455 1825 δὲ
482 1787 551 1826 θεὰ
579 1787 691 1837 ζυγοῦ
716 1786 849 1837 ἥψατο
875 1785 1064 1838 φώνησέν
1089 1801 1143 1826 τε·

236 1853 261 1867 “
278 1849 301 1899 ἦ
326 1851 463 1902 ὀλίγον
489 1853 527 1891 οἶ
548 1854 667 1892 παῖδα
694 1853 848 1892 ἐοικότα
872 1852 1028 1904 γείνατο
1052 1851 1211 1893 Τυδεύς.
1492 1853 1557 1883 800

233 1918 380 1959 Τυδεύς
405 1934 464 1957 τοι
488 1918 623 1970 μικρὸς
648 1920 720 1969 μὲν
746 1919 813 1968 ἔην
839 1918 969 1969 δέμας,
996 1919 1102 1958 ἀλλὰ
1125 1914 1317 1970 μαχητής·

235 1983 300 2022 καί
319 1982 358 2033 ῥ’
384 1984 450 2023 ὅτε
475 1984 546 2035 πέρ
571 2002 638 2035 μιν
665 1985 741 2036 ἐγὼ
767 1985 991 2035 πολεμίζειν
1015 1984 1084 2024 οὐκ
1109 1985 1268 2024 εἴασκον

232 2048 313 2088 οὐδ’
341 2049 648 2101 ἐκπαιφάσσειν,
676 2051 742 2091 ὅτε
766 2050 799 2090 τ’
824 2050 945 2101 ἤλυθε
970 2051 1118 2102 νόσφιν
1142 2049 1318 2102 Ἀχαιῶν

231 2114 402 2166 ἄγγελος
429 2117 466 2157 ἐς
493 2115 638 2166 Θήβας
663 2116 811 2158 πολέας
834 2118 933 2167 μετὰ
960 2117 1226 2167 Καδμείωνας·

274 2207 336 2245 778
359 2206 406 2248 αἱ]
424 2207 469 2239 τὼ
486 2217 516 2238 V.
537 2207 555 2238 l.
577 2208 611 2238 in
630 2208 686 2239 L¹⁶
775 2210 836 2249 785
861 2209 1004 2249 εἰδομένη
1019 2209 1101 2241 iL¹⁸
1114 2209 1158 2240 R¹
1176 2209 1307 2240 U¹²V32
1399 2211 1462 2249 786
1484 2220 1548 2242 om.

229 2250 363 2290 quidam
381 2255 449 2281 ant.
613 2253 674 2291 787
700 2253 856 2294 ἐλεγχέες
872 2253 930 2285 Ar.
950 2257 974 2283 h
986 2252 1045 2283 V21
1166 2254 1283 2294 ἀγητοί
1300 2257 1335 2285 et
1352 2254 1474 2295 ἄριστοι
1491 2253 1550 2287 Ar.

231 2294 358 2334 (διχῶς)
376 2304 383 2323 t
407 2294 471 2323 hoc
486 2293 543 2324 V¹6
555 2294 608 2324 Vil
699 2306 757 2335 791
785 2295 811 2328 δ’
825 2296 935 2329 ἕκαθεν
948 2295 1006 2327 Ar.
1026 2295 1141 2333 qu¹⁰
1153 2296 1209 2326 V¹¹
1221 2295 1280 2326 Vm
1371 2307 1431 2337 797
1457 2298 1551 2338 ἀμφι-

230 2336 349 2378 βρότης
368 2347 397 2368 v.
418 2337 439 2369 ἰ.
456 2347 509 2376 ap.
529 2337 619 2368 Eust.
637 2350 643 2369 :
669 2339 722 2380 ]ης
734 2337 793 2387 12⁴¹
881 2339 1006 2381 τείρετο
1025 2339 1084 2372 Ar,
1102 2339 1193 2379 vulg.
1211 2351 1218 2371 z
1241 2340 1372 2382 τρίβετο
1390 2350 1419 2371 v.
1439 2339 1461 2371 l.
1479 2344 1546 2371 ant.

230 2379 404 2418 eilqrA
421 2390 467 2411 ss.
486 2380 632 2411 BCDT
