1624 2802
576 703 829 751 ΙΛΙΑΔΟΣ
889 709 929 749 H

135 887 363 955 ’Έκτορος
402 889 482 938 καὶ
517 889 720 941 Αἴαντος
754 891 1034 955 μονομαχία
1170 893 1367 957 Νεκρῶν

626 973 875 1038 ἀναίρεσις

151 1093 230 1137 ’““Ως
257 1097 374 1137 εἰπὼν
401 1096 557 1137 πυλέων
583 1095 777 1146 ἐξέσσυτο
803 1098 989 1149 φαίδιμος
1007 1095 1177 1148 ‘'Em-cup,

122 1166 137 1173 ‘⁸
191 1161 200 1175 3
232 1162 248 1177 (Ι
281 1162 290 1176 5
317 1162 326 1177 3
405 1162 413 1176 Ι
637 1162 658 1177 Ι)
693 1163 703 1176 5
854 1163 862 1175 Ι
942 1164 951 1175 ἢ
1025 1163 1034 1176 >
1066 1163 1080 1177 ν
1242 1166 1258 1175 Α

90 1179 141 1216 τῳ
168 1165 187 1201 δ
226 1180 279 1213 αμ
331 1162 580 1214 Αλεξανδρος
606 1180 643 1203 κι
685 1166 895 1215 αδελφεος·
935 1180 976 1203 εν
1002 1166 1021 1202 δ
1059 1180 1133 1214 αρα
1157 1165 1263 1217 θυμῳ

91 1229 305 1280 ἀμφότεροι
328 1228 511 1280 μέμασαν
537 1229 763 1280 πολεμίζειν
790 1229 856 1279 ἠδὲ
881 1228 1093 1282 μάχεσθαι.

92 1295 141 1336 ὡς
167 1297 208 1335 δὲ
233 1295 321 1336 θεὸς
347 1296 535 1352 ναύτῃσιν
563 1295 859 1346 ἐελδομένοισιν
886 1296 1029 1336 ἔδωκεν

91 1361 216 1412 οὖρον,
243 1363 332 1401 ἐπεί
355 1379 397 1402 κε
423 1362 601 1413 κάμωσιν
628 1360 814 1422 ἐϋξέστῃς
841 1362 1007 1418 ἐλάτῃσι
1394 1377 1409 1405 5

91 1428 233 1468 πόντον
259 1429 502 1474 ἐλαύνοντες,
532 1429 689 1483 καμάτῳ
716 1429 748 1468 δ’
773 1428 848 1469 ὑπὸ
873 1433 964 1481 γυῖα
988 1428 1185 1485 λέλυνται,

91 1493 140 1535 ὣς
163 1493 237 1546 ἄρα
261 1495 315 1534 τὼ
338 1496 549 1546 Τρώεσσιν
577 1495 850 1546 ἐελδομένοισι
875 1494 1066 1547 φανήτην.

150 1559 263 1601 ’Ἔνθ’
289 1561 428 1611 ἑλέτην
454 1562 474 1600 ὁ
498 1564 571 1612 μὲν
596 1561 679 1602 υἱὸν
705 1561 926 1613 Ἀρηϊθόοιο
952 1561 1128 1607 ἄνακτος,

85 1625 206 1683 ’Άρνῃ
231 1627 462 1668 ναιετάοντα
491 1628 730 1673 Μενέσθιον,
760 1628 803 1667 ὃν
829 1626 1039 1680 κορυνήτης

90 1693 234 1743 γείνατ’
260 1693 465 1746 Ἀρηΐθοος
494 1695 555 1734 καὶ
582 1693 871 1745 Φυλομέδουσα
896 1697 1062 1744 βοῶπις·
1371 1708 1409 1729 10

83 1757 237 1811 ‘'Ex‘rmp
261 1760 294 1799 δ’
319 1761 488 1811 Ἠϊονῆα
513 1760 610 1811 βάλ’
636 1762 746 1813 ἔγχεϊ
770 1759 945 1811 ὀξυόεντι

90 1824 220 1878 αὐχέν’
244 1826 320 1867 ὑπὸ
346 1826 548 1878 στεφάνης
576 1827 782 1880 εὐχάλκου,
810 1828 928 1867 λύντο
954 1830 994 1867 δὲ
1022 1831 1122 1878 γυῖα.

90 1894 262 1935 Γλαῦκος
287 1893 318 1933 δ’
343 1893 598 1946 Ἱππολόχοιο
624 1892 727 1939 πάϊς,
754 1895 909 1934 Λυκίων
935 1893 1029 1945 ἀγὸς
1055 1894 1218 1945 ἀνδρῶν,

91 1956 261 2010 Ἰφίνοον
285 1959 391 2010 βάλε
416 1961 522 2012 δουρὶ
549 1962 645 2000 κατὰ
672 1960 860 2012 κρατερὴν
885 1961 1053 2011 ὑσμίνην

93 2023 298 2076 Δεξιάδην,
324 2027 453 2067 ἵππων
478 2026 718 2077 ἐπιάλμενον
744 2027 928 2072 ὠκειάων,
1370 2038 1406 2068 15

89 2087 206 2140 ὦμον·
244 2093 263 2131 ὁ
288 2091 321 2132 δ’
346 2091 393 2143 ἐξ
414 2093 543 2133 ἵππων
569 2093 738 2146 χαμάδις
763 2093 875 2139 πέσε,
902 2093 1023 2133 λύντο
1049 2094 1090 2132 δὲ
1116 2095 1215 2143 γυῖα.

153 2157 255 2200 Τοὺς
281 2158 311 2198 δ’
337 2159 388 2200 ὡς
413 2159 480 2199 οὖν
505 2160 647 2210 ἐνόησε
673 2161 742 2199 θεὰ
768 2163 994 2211 γλαυκῶπις
1020 2157 1166 2208 Ἀθήνη

126 2256 145 2285 5
171 2248 238 2279 ἐπεί
258 2261 293 2280 κε
317 2248 459 2288 κάμωσιν
475 2249 533 2280 Ar.
551 2250 676 2288 fgnA
691 2251 757 2281 BC
776 2250 818 2281 al.
839 2261 845 2280 :
879 2251 958 2288 ἐπήν
982 2263 1017 2282 κε
1039 2249 1181 2290 κάμωσιν
1200 2250 1299 2282 Dion.
1324 2251 1407 2289 Sid.,

84 2289 194 2329 vulg.:
232 2292 310 2330 ἐπὴν
335 2291 514 2331 κεκάμωσιν
538 2303 566 2324 V.
584 2293 604 2325 l.
632 2299 700 2324 ant.
727 2298 771 2324 el
784 2294 829 2324 U⁵
843 2292 904 2324 Ulo
917 2293 977 2324 U¹3
1150 2295 1170 2323 6
1202 2294 1407 2326 ἐλαύνοντεςἾ

85 2333 272 2373 ἐρέσσοντες
289 2345 318 2365 ν.
334 2335 352 2366 l.
371 2340 438 2366 ant.
459 2336 532 2371 (Ar.
548 2338 558 2367 ἲ
576 2336 646 2368 κατ’
663 2337 730 2368 ἔνια
747 2340 812 2368 τῶν
829 2337 1062 2376 ὑπομνημάτων
1080 2336 1186 2375 Did),
1199 2348 1218 2368 e
1230 2337 1280 2368 Ge
1294 2337 1338 2367 N⁴
1350 2337 1409 2367 V³²

84 2384 112 2406 v.
127 2375 147 2406 l.
164 2376 197 2406 in
211 2376 241 2406 A
331 2388 348 2416 7
373 2380 418 2410 τὼ
435 2378 493 2409 ΑΓ.
512 2380 608 2410 codd.
627 2391 633 2410 :
659 2381 708 2411 τοὶ
725 2379 925 2410 Ammonius
1017 2390 1054 2410 12
1079 2380 1177 2412 λύντο
1192 2380 1248 2412 ΛΓ.
1265 2385 1319 2412 ch
1332 2380 1408 2412 L¹⁴z

84 2420 163 2450 λῦσε
179 2419 287 2459 vulg.:
313 2423 407 2453 δυντο
423 2420 482 2468 pm
620 2432 658 2462 15
681 2433 746 2454 om.
768 2423 819 2454 Ge
833 2422 879 2452 UO
