1670 2828
663 128 695 159 3.
769 120 1025 158 ΙΛΙΑΔΟΣ
1073 122 1103 157 Γ

223 223 296 262 ὧδε
322 222 363 261 δέ
388 239 444 263 τις
471 224 653 262 εἴπεσκεν
679 222 852 275 Ἀχαιῶν
878 240 918 263 τε
943 224 1087 274 Τρώων
1113 240 1166 263 τε·

225 291 249 306 “
268 291 344 328 Ζεῦ
369 288 502 340 πάτερ,
523 288 679 338 Ἴδηθεν
703 288 864 339 μεδέων,
894 289 1049 330 κύδιστε
1071 287 1249 342 μέγιστε,
1482 303 1546 334 320

224 355 438 406 ὁππότερος
463 354 556 394 τάδε
582 355 677 406 ἔργα
700 354 784 405 μετ’
811 354 1096 406 ἀμφοτέροισιν
1121 356 1247 406 ἔθηκε,

224 420 291 460 τὸν
316 420 380 462 δὸς
405 421 678 472 ἀποφθίμενον
704 423 815 460 δῦναι
840 422 960 471 δόμον
977 420 1115 463 ’Ἄϊδος
1139 424 1247 468 εἵσω,

342 486 372 500 (κ)

224 486 314 537 ἡμῖν
339 500 358 527 ο
399 487 445 526 αὖ
472 488 669 538 φιλότητα
695 488 757 527 καὶ
781 488 893 539 ὅρκια
916 489 1039 528 πιστὰ
1063 487 1290 540 γενέσθαι.”

286 551 365 595 “525
390 552 448 604 ἄρ’
475 553 589 605 ἔφαν,
616 552 773 594 πάλλεν
797 555 839 595 δὲ
863 553 987 606 μέγας
1013 555 1265 606 κορυθαίολος
1281 554 1440 608 ’Έκτωρ

225 619 285 671 ἂψ
312 620 448 671 ὁρόων·
488 619 638 671 Πάριος
662 622 705 660 δὲ
731 623 828 661 θοῶς
854 621 896 660 ἐκ
922 623 1064 672 κλῆρος
1088 622 1265 672 ὄρουσεν.
1484 634 1544 666 325

224 687 259 726 οἱ
284 688 354 736 μὲν
379 685 501 726 ἔπειθ’
526 686 654 735 ἵζοντο
679 688 778 726 κατὰ
802 688 956 740 στίχας,
984 686 1052 740 ἧχι
1076 686 1229 741 ἑκάστῳ

224 753 336 792 ἵπποι
360 752 593 803 ἀερσίποδες
619 753 681 792 καὶ
705 754 867 793 ποικίλα
890 753 1016 806 τεύχε’
1042 753 1179 794 ἔκειτο*

226 818 344 869 αὐτὰρ
363 819 390 858 ὅ
414 818 451 870 γ’
477 818 576 870 ἀμφ’
602 819 769 869 ὤμοισιν
795 820 955 860 ἐδύσετο
980 821 1122 873 τεύχεα
1147 822 1249 860 καλὰ

225 888 304 926 δῖος
329 884 602 936 Ἀλέξανδρος,
629 884 798 936 Ἑλένης
822 887 939 928 πόσις
963 886 1158 937 ἠϋκόμοιο.

227 954 409 1001 κνημῖδας
434 954 506 1001 μὲν
532 956 667 1003 πρῶτα
690 953 778 1003 περὶ
805 951 998 1008 κνήμῃσιν
1023 952 1136 1003 ἔθηκε
1485 965 1548 996 330

227 1016 359 1062 καλάς,
387 1017 638 1069 ἀργυρέοισιν
664 1019 915 1070 ἐπισφυρίοις
940 1019 1134 1070 ἀραρυίας·

225 1083 406 1134 δεύτερον
430 1084 477 1123 αὗ
504 1084 661 1135 θώρηκα
685 1086 772 1136 περὶ
799 1084 1020 1135 στήθεσσιν
1045 1085 1176 1126 ἔδυνεν

225 1150 283 1189 οἷο
310 1149 562 1202 κασιγνήτοιο
588 1150 798 1192 Λυκάονος·
836 1151 986 1203 ἥρμοσε
1011 1151 1044 1192 δ’
1070 1151 1182 1206 αὐτῷ.

225 1217 327 1267 ἀμφὶ
352 1216 385 1256 δ’
411 1216 469 1268 ἄρ’
495 1217 662 1267 ὤμοισιν
686 1216 838 1268 βάλετο
863 1216 979 1270 ξίφος
1004 1218 1249 1270 ἀργυρόηλον

226 1282 409 1335 χάλκεον,
437 1284 559 1335 αὐτὰρ
585 1283 721 1324 ἔπειτα
745 1283 866 1325 σάκος
889 1283 992 1336 μέγα
1016 1301 1058 1325 τε
1083 1285 1278 1336 στιβαρόν
1301 1300 1357 1325 τε·
1487 1297 1546 1328 335

227 1350 335 1399 κρατὶ
360 1348 393 1389 δ’
418 1348 478 1389 ἐπ’
505 1350 653 1404 ἰφθίμῳ
681 1349 818 1400 κυνέην
844 1350 1025 1391 εὔτυκτον
1050 1351 1188 1401 ἔθηκεν

225 1416 420 1467 ἵππουριν·
458 1416 586 1456 δεινὸν
611 1418 652 1457 δὲ
676 1417 804 1468 λόφος
830 1417 1070 1469 καθύπερθεν
1095 1417 1238 1458 ἔνευεν·

226 1483 353 1522 εἵλετο
379 1481 412 1522 δ’
437 1482 605 1533 ἄλκιμον
630 1483 760 1536 ἔγχος,
788 1483 810 1523 ὅ
834 1485 869 1524 οἱ
894 1483 1131 1536 παλάμηφιν
1156 1482 1301 1535 ἀρήρει.

225 1549 276 1590 ὣς
301 1548 333 1589 δ’
359 1549 484 1590 αὔτως
510 1548 718 1591 Μενέλαος
744 1549 878 1601 ἀρήϊος
902 1548 1001 1591 ἔντε’
1028 1550 1172 1591 ἔδυνεν.

291 1617 343 1656 Οἱ
368 1615 401 1655 δ’
427 1617 510 1656 ἐπεὶ
536 1616 604 1656 οὖν
630 1615 837 1668 ἑκάτερθεν
862 1617 1000 1667 ὁμίλου
1025 1615 1303 1670 θωρήχθησαν,
1487 1629 1550 1660 340

225 1683 264 1723 ἐς
288 1680 443 1732 μέσσον
467 1683 615 1734 Τρώων
642 1683 703 1723 καὶ
728 1682 904 1736 Ἀχαιῶν
930 1683 1173 1737 ἐστιχόωντο

226 1747 352 1789 δεινὸν
377 1749 616 1800 δερκόμενοι·
655 1749 809 1800 θάμβος
833 1749 866 1790 δ’
892 1750 983 1802 ἔχεν
1009 1750 1270 1802 εἰσορόωντας

224 1814 362 1866 Τρῶάς
388 1814 421 1855 θ’
448 1815 688 1866 ἱπποδάμους
715 1817 777 1856 καὶ
803 1815 1032 1867 ἐϋκνήμιδας
1057 1816 1254 1869 Ἀχαιούς.

227 1881 292 1921 καί
311 1881 351 1932 ῥ’
377 1881 495 1933 ἐγγὺς
521 1881 670 1932 στήτην
697 1886 937 1938 διαμετρητῷ
965 1883 1021 1923 ἐνὶ
1045 1883 1161 1937 χώρῳ

226 1947 370 1988 σείοντ’
397 1949 555 2000 ἐγχείας
581 1948 821 1999 ἀλλήλοισιν
848 1949 1039 1990 κοτέοντε.
1488 1960 1548 1991 345

226 2014 375 2066 πρόσθε
399 2013 432 2054 δ’
458 2014 719 2067 Ἀλέξανδρος
746 2015 873 2068 προΐει
898 2016 1153 2068 δολιχόσκιον
1177 2015 1308 2068 ἔγχος,

228 2081 289 2121 καὶ
313 2080 442 2132 βάλεν
467 2080 670 2133 Ἀτρεΐδαο
698 2082 778 2122 κατ’
804 2083 955 2123 ἀσπίδα
979 2082 1145 2123 πάντοσ’
1171 2081 1298 2132 ἐΐσην,

226 2145 304 2188 οὐδ’
331 2146 490 2200 ἔρρηξεν
514 2150 677 2201 χαλκός,
706 2149 964 2201 ἀνεγνάμφθη
991 2148 1033 2189 δέ
1058 2151 1093 2189 οἱ
1118 2147 1239 2201 αἰχμὴ

268 2251 333 2279 319
352 2251 381 2271 v,
402 2251 466 2271 om.
481 2240 540 2289 12⁴⁰
649 2254 711 2282 325
737 2245 904 2287 εισορο[ων
915 2244 974 2294 12⁴⁰
1085 2248 1149 2284 326
1174 2247 1316 2289 ἑκάστῳ]
1336 2248 1473 2280 ἑκάστου
1489 2247 1546 2281 Ar.

226 2284 269 2314 ve»
287 2294 344 2315 ss.:
364 2284 508 2316 ἑκάστων
522 2284 558 2314 Ρ1
572 2285 631 2315 U¹'¹
643 2296 683 2317 m.
698 2297 762 2318 rec.
849 2298 1000 2328 334-335
1017 2289 1085 2320 ath.
1097 2289 1177 2320 Zen.
1229 2291 1271 2321 de
1281 2302 1331 2322 vv.
1349 2301 1501 2332 337-339
1517 2303 1547 2323 v.

227 2327 329 2366 praes.
452 2329 516 2366 338
541 2329 725 2368 ἀκαχμένον
740 2331 806 2371 ὀξέϊ
819 2336 933 2372 χαλκῷ
947 2343 976 2362 v.
997 2332 1016 2362 l.
1036 2333 1068 2363 in
1086 2332 1117 2363 A
1237 2336 1301 2373 338
1325 2346 1344 2366 a
1361 2336 1437 2375 ἀμφὶ
1456 2336 1483 2368 δ’
1501 2336 1550 2376 ἄρ’

225 2373 356 2410 ὤμοισιν
373 2370 488 2407 βάλετ’
506 2373 623 2404 ἀσπίδα
640 2374 882 2413 τερσανόεσσαν
899 2375 978 2406 Zen.
1109 2378 1173 2416 348
1198 2378 1323 2419 χαλκός
1339 2378 1397 2410 ΑΓ.
1415 2389 1434 2410 c
1446 2378 1508 2410 ᾶΑ
1520 2379 1547 2410 Β

225 2425 267 2447 ss.
286 2414 323 2447 T.
343 2414 387 2446 al.
404 2425 410 2444 ε
435 2415 563 2455 χαλκόν
578 2416 665 2454 vulg.
