1660 2802
651 117 710 152 10.
785 113 1039 150 ΙᾹΙΑΔΟΣ
1090 114 1122 150 Κ

217 212 314 251 λαὸν
340 211 458 263 ἄγων,
487 213 572 253 ἐπεὶ
600 213 644 253 οὐ
670 216 740 263 μὲν
767 214 956 266 ἐπέτρεπε
983 215 1098 267 γήραϊ
1122 220 1267 270 λυγρῷ.

215 277 399 328 ὀρθωθεὶς
424 277 455 317 δ’
481 278 539 329 ἄρ’
566 279 625 318 ἐπ’
656 280 844 331 ἀγκῶνος,
875 282 1055 333 κεφαλὴν
1080 283 1273 334 ἐπαείρας,
1502 291 1544 320 80

215 343 416 395 Ἀτρεΐδην
443 344 655 396 προσέειπε
687 346 749 385 καὶ
776 346 1014 398 ἐξερεείνετο
1038 349 1159 402 μύθῳ·

219 412 241 427 “
258 411 315 452 τίς
340 410 371 449 δ’
398 410 510 452 οὗτος
536 414 633 450 κατὰ
662 415 757 462 νῆας
786 414 859 453 ἀνὰ
886 414 1058 465 στρατὸν
1082 415 1217 468 ἔρχεαι
1242 415 1322 457 οἷος

214 476 333 516 νύκτα
356 476 403 516 δι’
430 478 635 529 ὀρφναίην,
664 479 729 518 ὅτε
759 479 793 518 θ’
822 481 978 520 εὕδουσι
1001 481 1141 532 βροτοὶ
1166 481 1297 527 ἄλλοι,

214 542 258 591 ἠέ
283 542 354 582 τιν’
380 542 527 594 οὐρήων
553 543 770 594 διζήμενος,
801 545 824 595 ἤ
849 545 921 586 τιν’
950 548 1131 599 ἑταίρων;

213 608 400 661 φθέγγεο,
427 609 516 659 μηδ’
542 609 667 650 ἀκέων
693 610 753 651 ἐπ’
785 611 843 662 ἔμ’
870 613 998 666 ἔρχεο·
1035 615 1148 654 τίπτε
1174 613 1216 654 δέ
1241 631 1288 654 σε
1312 615 1470 668 χρεώ,·”
1501 622 1540 660 85

278 675 360 715 Τὸν
384 675 416 715 δ’
442 676 617 727 ἠμείβετ’
645 677 782 718 ἔπειτα
807 678 911 729 ἄναξ
932 680 1081 731 ἀνδρῶν
1107 679 1379 732 Ἀγαμέμνων·

214 744 239 759 “
257 739 285 781 ὦ
312 741 473 794 Νέστορ
498 742 719 794 Νηληϊάδη,
750 744 854 797 μέγα
879 748 992 787 κῦδος
1018 745 1204 799 Ἀχαιῶν,

213 808 386 859 γνώσεαι
409 808 611 860 Ἀτρεΐδην
637 809 933 862 Ἀγαμέμνονα,
962 812 1030 853 τὸν
1055 813 1143 864 περὶ
1166 812 1325 854 πάντων

212 874 309 917 Ζεὺς
334 874 468 925 ἐνέηκε
492 877 653 917 πόνοισι
678 878 904 929 διαμπερές,
935 880 989 920 εἰς
1012 879 1034 918 ὅ
1060 878 1091 918 κ’
1117 879 1238 930 ἀϋτμὴ

211 942 252 981 ἐν
278 940 473 991 στήθεσσι
497 942 594 998 μένῃ
622 945 686 984 καί
708 961 774 994 μοι
803 946 905 996 φίλα
930 945 1086 997 γούνατ’
1113 946 1252 1002 ὀρώρῃ.
1497 961 1542 992 90

212 1006 408 1059 πλάζομαι
432 1008 511 1054 ὧδ’,
539 1010 624 1050 ἐπεὶ
649 1011 692 1050 οὔ
718 1028 784 1060 μοι
813 1011 872 1051 ἐπ’
900 1013 1050 1062 ὄμμασι
1074 1011 1241 1062 νήδυμος
1265 1013 1385 1056 ὕπνος

212 1073 343 1123 ἱζάνει,
371 1076 477 1115 ἀλλὰ
501 1075 613 1125 μέλει
639 1078 814 1127 πόλεμος
843 1079 905 1118 καὶ
933 1077 1035 1128 κήδε’
1061 1077 1250 1132 Ἀχαιῶν.

210 1141 326 1182 αἰνῶς
351 1143 425 1192 γὰρ
453 1146 621 1182 Δαναῶν
648 1145 877 1195 περιδείδια,
907 1144 995 1184 οὐδέ
1019 1162 1085 1194 μοι
1111 1143 1204 1196 ἦτορ

210 1206 390 1257 ἔμπεδον,
419 1207 509 1248 ἀλλ’
535 1208 822 1259 ἀλαλύκτημαι,
854 1211 987 1261 κραδίη
1015 1210 1058 1250 δέ
1081 1228 1147 1261 μοι
1172 1210 1247 1261 ἔξω

210 1272 385 1323 στηθέων
411 1272 636 1329 ἐκθρῴσκει,
664 1275 820 1326 τρομέει
848 1276 880 1316 δ’
907 1277 981 1316 ὑπὸ
1008 1278 1173 1328 φαίδιμα
1199 1280 1301 1329 γυῖα.
1498 1292 1538 1324 95

209 1339 300 1379 ἀλλ’
326 1342 361 1380 εἴ
382 1357 418 1380 τι
443 1342 619 1391 δραίνεις,
651 1343 734 1382 ἐπεὶ
765 1342 852 1382 οὐδὲ
881 1342 928 1383 σέ
954 1343 989 1393 γ’
1014 1344 1132 1385 ὕπνος
1159 1343 1293 1389 ἱκάνει,

208 1405 308 1457 δεῦρ’
337 1408 375 1448 ἐς
400 1408 488 1449 τοὺς
513 1408 694 1459 φύλακας
723 1408 989 1459 καταβήομεν,
1017 1411 1123 1461 ὄφρα
1147 1411 1300 1460 ἴδωμεν,

206 1472 258 1523 μὴ
284 1474 343 1513 τοὶ
367 1475 438 1524 μὲν
466 1474 621 1528 καμάτῳ
648 1476 835 1524 ἀδηκότες
863 1475 930 1525 ἠδὲ
959 1475 1019 1515 καὶ
1044 1476 1150 1530 ὕπνῳ

209 1538 482 1590 κοιμήσωνται,
511 1541 607 1591 ἀτὰρ
634 1543 815 1594 φυλακῆς
845 1541 906 1581 ἐπὶ
932 1541 1066 1595 πάγχυ
1090 1541 1301 1582 λάθωνται.

207 1606 416 1657 δυσμενέες
442 1606 474 1646 δ’
500 1607 636 1658 ἄνδρες
663 1608 811 1661 σχεδὸν
840 1608 968 1658 ἥαται·
1007 1607 1096 1648 οὐδέ
1119 1625 1156 1648 τι
1180 1610 1289 1659 ἴδμεν
1478 1623 1538 1644 100

206 1671 256 1723 μή
282 1690 363 1715 πως
389 1674 450 1713 καὶ
475 1675 536 1713 διὰ
563 1674 680 1714 νύκτα
707 1673 979 1724 μενοινήσωσι
1004 1674 1244 1728 μάχεσθαι.”

271 1739 352 1780 Τὸν
378 1739 410 1779 δ’
436 1739 612 1790 ἠμείβετ’
642 1741 776 1781 ἔπειτα
805 1740 990 1792 Γερήνιος
1017 1742 1162 1782 ἱππότα
1187 1739 1371 1793 Νέστωρ·

208 1808 232 1823 “
249 1805 426 1858 Ἀτρείδη
453 1808 622 1853 κύδιστε,
653 1805 755 1856 ἄναξ
778 1809 928 1860 ἀνδρῶν
954 1807 1217 1860 Ἀγάμεμνον,

206 1873 250 1912 οὔ
275 1875 346 1923 θην
364 1872 527 1925 ’Έκτορι
556 1873 683 1914 πάντα
710 1873 885 1925 νοήματα
910 1875 1072 1925 μητίετα
1098 1874 1196 1916 Ζεὺς

206 1939 388 1985 ἐκτελέει,
415 1940 492 1979 ὅσα
517 1941 591 1980 πού
618 1958 686 1981 νυν
714 1940 910 1982 ἐέλπεται·
948 1940 1054 1981 ἀλλά
1078 1958 1144 1992 μιν
1168 1942 1236 1982 οἵω
1475 1953 1534 1984 105

207 2005 341 2055 κήδεσι
365 2005 585 2059 μοχθήσειν
613 2008 674 2047 καὶ
703 2009 899 2055 πλείοσιν,
929 2009 965 2049 εἴ
989 2025 1054 2048 κεν
1078 2007 1294 2061 Ἀχιλλεὺς

206 2074 247 2112 ἐκ
273 2073 397 2125 χόλου
424 2072 635 2125 ἀργαλέοιο
662 2074 921 2130 μεταστρέψῃ
947 2075 1068 2127 φίλον
1092 2073 1200 2126 ἦτορ.

250 2178 291 2207 79
316 2166 470 2208 ἐπέτρεπε
494 2167 551 2198 Ar.
581 2169 732 2200 efhrA
756 2179 800 2200 ss.
827 2168 1058 2200 BCTV¹V¹0
1082 2169 1146 2200 aL:
1181 2168 1338 2210 ἐπέτραπε
1363 2167 1452 2206 vulg.

205 2211 246 2240 82
270 2212 352 2242 οὕτω
369 2210 456 2249 Ang.
478 2210 524 2241 RS
537 2210 582 2241 U6
593 2210 649 2241 VIS
740 2213 871 2254 ἔρχεται
888 2216 1034 2250 dfhoq
1050 2212 1091 2243 al.
1235 2213 1276 2250 84
1301 2212 1369 2243 ath.
1389 2211 1448 2241 ΑΓ.

204 2255 246 2284 86
269 2255 327 2286 τὸν
344 2253 371 2286 δ’
389 2254 466 2285 αὖτε
482 2254 651 2295 προσέειπε
669 2260 757 2286 chn
773 2256 815 2287 al.
994 2257 1036 2286 88
1059 2255 1216 2296 γνώσεαι]
1240 2258 1338 2287 εἴσεαι
1356 2258 1411 2286 ch
1424 2252 1477 2284 L¹⁴
1491 2251 1537 2283 R3

204 2297 299 2329 Eust.
424 2308 466 2337 94
492 2297 715 2337 ἀλαλύκτημαι
734 2303 788 2331 ad
801 2310 819 2331 e
831 2299 861 2329 A
879 2310 967 2330 corr.
983 2309 1024 2330 m.
1046 2310 1076 2339 p.
1097 2299 1137 2338 T,
1155 2299 1195 2329 al.
1213 2313 1219 2330 z
1250 2298 1430 2338 ἀλύκτημαι
1446 2296 1534 2336 vulg.

291 2342 333 2380 98
357 2341 412 2379 ἠδὲ
430 2340 497 2382 καὶ]
516 2340 586 2379 ἡδέϊ
602 2341 681 2372 Zeu.
825 2352 883 2382 105
909 2342 1053 2375 ἐέλδεται
1072 2342 1112 2381 A,
1133 2355 1184 2383 γρ.
1207 2341 1253 2372 02

1626 506 1645 614 „0-„5-
