1629 2828
0 2263 9 2828 —————--———ew-——
1 2251 5 2256 .
0 2228 5 2244 -.

554 147 589 180 3.
663 139 918 178 ΙΛΙΑΔΟΣ
968 142 995 178 Γ

119 241 238 282 τίνειν
261 240 329 282 οὐκ
353 241 545 283 ἐθέλωσιν
571 241 850 294 Ἀλεξάνδροιο
875 243 1079 289 πεσόντος,

120 307 240 359 αὐτὰρ
264 308 341 360 ἐγὼ
366 308 428 349 καὶ
453 308 588 349 ἔπειτα
611 308 845 362 μαχήσομαι
870 310 998 350 εἵνεκα
1023 311 1160 360 ποινῆς
1374 325 1438 357 290

120 373 206 414 αὖθι
228 373 367 424 μένων,
394 374 462 425 ἧός
487 392 529 415 κε
552 374 665 417 τέλος
690 375 878 426 πολέμοιο
905 375 1077 428 κιχείω.”

177 438 248 486 ⁹H,
276 441 338 481 καὶ
363 441 438 482 ἀπὸ
464 440 688 494 στομάχους
711 442 839 493 ἀρνῶν
864 441 961 492 τάμε
985 441 1098 492 νηλέϊ
1120 446 1270 497 χαλκῷ·

122 506 182 546 καὶ
205 506 294 549 τοὺς
318 509 390 558 μὲν
417 506 627 558 κατέθηκεν
652 509 715 548 ἐπὶ
738 507 882 560 χθονὸς
907 509 1186 560 ἀσπαίροντας,

121 574 238 623 θυμοῦ
263 572 503 624 δευομένους·
541 573 617 614 ἀπὸ
642 576 717 626 γὰρ
740 573 856 625 μένος
881 575 1009 615 εἵλετο
1034 575 1197 628 χαλκός.

118 638 223 679 οἶνον
248 638 280 679 δ’
306 641 347 679 ἐκ
374 642 559 692 κρητῆρος
584 641 858 692 ἀφυσσόμενοι
884 640 1102 682 δεπάεσσιν
1374 656 1435 686 295

120 704 268 758 ἔκχεον,
294 705 353 756 ἠδ’
380 707 544 759 εὔχοντο
569 709 671 749 θεοῖς
695 706 994 763 αἰειγενέτῃσιν·

119 771 192 811 ὧδε
215 770 257 812 δέ
281 788 338 813 τις
364 774 546 813 εἴπεσκεν
570 772 745 826 Ἀχαιῶν
769 790 811 813 τε
833 774 981 825 Τρώων
1005 790 1059 813 τε·

121 839 146 854 “
162 840 237 877 Ζεῦ
263 838 418 879 κύδιστε
441 838 618 891 μέγιστε,
647 840 709 879 καὶ
734 838 921 880 ἀθάνατοι
947 841 1028 880 θεοὶ
1053 839 1183 886 ἄλλοι,

119 903 326 956 ὁππότεροι
351 906 530 957 πρότεροι
553 906 649 957 ὑπὲρ
673 906 784 958 ὅρκια
808 905 1038 957 πημήνειαν,

118 968 193 1009 ὧδέ
216 970 290 1022 σφ’
317 970 538 1024 ἐγκέφαλος
562 972 729 1025 χαμάδις
751 971 834 1024 ῥέοι
859 972 910 1013 ὡς
934 973 998 1012 ὅδε
1023 971 1140 1017 οἶνος,
1372 985 1436 1016 300

119 1035 244 1076 αὐτῶν
270 1038 332 1077 καὶ
357 1037 512 1083 τεκέων,
539 1038 679 1091 ἄλοχοι
706 1038 737 1078 δ’
762 1038 926 1078 ἄλλοισι
950 1037 1146 1088 δαμεῖεν.”

180 1100 258 1144 ὁΩς
283 1103 396 1155 ἔφαν,
424 1104 504 1143 οὐδ’
530 1104 604 1156 ἄρα
628 1105 686 1144 πώ
714 1109 814 1155 σφιν
840 1104 1086 1155 ἐπεκραίαινε
1112 1104 1301 1155 Κρονίων.

120 1171 223 1208 τοῖσι
249 1171 289 1209 δὲ
317 1170 562 1221 Δαρδανίδης
587 1171 764 1222 Πρίαμος
788 1172 886 1221 μετὰ
911 1173 1032 1221 μῦθον
1058 1170 1176 1210 ἔειπε·

120 1236 144 1251 “
163 1233 324 1276 κέκλυτέ
347 1253 429 1286 μευ,
456 1239 588 1288 Τρῶες
614 1238 676 1276 καὶ
702 1235 925 1287 ἐϋκνήμιδες
949 1236 1119 1289 Ἀχαιοί·

119 1300 204 1351 ἤτοι
228 1303 329 1354 ἐγὼν
355 1302 432 1353 εἶμι
456 1304 570 1354 προτὶ
591 1302 715 1342 Ἴλιον
740 1302 992 1353 ἠνεμόεσσαν
1371 1314 1434 1346 305

120 1366 192 1419 ἄψ,
220 1368 302 1408 ἐπεὶ
327 1369 370 1409 οὔ
394 1385 453 1408 πω
479 1367 648 1419 τλήσομ’
675 1370 716 1409 ἐν
740 1370 1012 1421 ὀφθαλμοῖσιν
1037 1369 1204 1421 ὁρᾶσθαι

117 1433 361 1486 μαρνάμενον
386 1436 506 1486 φίλον
530 1435 614 1476 υἱὸν
640 1436 836 1489 ἀρηϊφίλῳ
863 1434 1070 1489 Μενελάῳ·

119 1499 216 1542 Ζεὺς
239 1500 310 1551 μέν
334 1517 408 1542 που
431 1502 477 1541 τό
500 1518 546 1553 γε
571 1501 651 1542 οἶδε
676 1502 739 1541 καὶ
763 1501 950 1541 ἀθάνατοι
976 1502 1057 1542 θεοὶ
1083 1500 1212 1547 ἄλλοι,

118 1566 318 1621 ὁπποτέρῳ
345 1567 527 1607 θανάτοιο
552 1567 667 1609 τέλος
692 1567 949 1620 πεπρωμένον
975 1566 1126 1607 ἐστίν.”

177 1631 234 1672 Ἦ
258 1634 319 1685 ῥα,
349 1634 410 1674 καὶ
436 1635 475 1675 ἐς
500 1635 641 1685 δίφρον
665 1633 783 1686 ἄρνας
809 1633 897 1674 θέτο
923 1634 1078 1675 ἰσόθεος
1103 1634 1200 1685 φώς,
1374 1645 1437 1676 310

118 1697 164 1738 ἂν
190 1698 222 1738 δ’
246 1698 305 1751 ἄρ’
332 1699 459 1750 ἔβαιν’
485 1700 611 1745 αὐτός,
641 1701 736 1740 κατὰ
761 1699 792 1739 δ’
817 1700 906 1749 ἡνία
930 1703 1056 1740 τεῖνεν
1081 1700 1251 1740 ὀπίσσω·

119 1766 195 1817 πὰρ
220 1764 263 1805 δέ
287 1767 322 1806 οἱ
347 1764 546 1818 Ἀντήνωρ
572 1765 813 1818 περικαλλέα
837 1765 990 1816 βήσετο
1016 1767 1168 1817 δίφρον.

118 1831 171 1870 τὼ
194 1832 265 1881 μὲν
290 1831 348 1883 ἄρ’
374 1831 544 1885 ἄψορροι
569 1832 682 1884 προτὶ
700 1831 827 1872 Ἴλιον
852 1831 1078 1872 ἀπονέοντο·

111 1894 267 1949 ’Έκτωρ
292 1899 333 1938 δὲ
359 1897 553 1950 Πριάμοιο
577 1898 669 1940 πάϊς
695 1898 756 1938 καὶ
783 1901 864 1940 δῖος
888 1897 1106 1939 Ὀδυσσεὺς

119 1966 248 2015 χῶρον
271 1965 343 2014 μὲν
368 1968 522 2016 πρῶτον
547 1964 780 2016 διεμέτρεον,
809 1964 928 2015 αὐτὰρ
953 1964 1088 2004 ἔπειτα
1374 1975 1433 2005 315

121 2028 284 2081 κλήρους
308 2031 350 2070 ἐν
376 2029 489 2086 κυνέῃ
514 2029 705 2083 χαλκήρεϊ
729 2029 885 2070 πάλλον
910 2030 1082 2074 ἑλόντες,

120 2095 332 2147 ὁππότερος
356 2096 402 2146 δὴ
426 2097 600 2147 πρόσθεν
623 2097 740 2148 ἀφείη
766 2095 938 2148 χάλκεον
962 2096 1092 2148 ἔγχος.

120 2161 208 2201 λαοὶ
232 2161 265 2201 δ’
288 2161 499 2214 ἠρήσαντο,
526 2165 654 2203 θεοῖσι
677 2164 718 2202 δὲ
741 2166 876 2215 χεῖρας
901 2161 1087 2213 ἀνέσχον,

161 2261 222 2290 292
247 2253 297 2283 ἐπὶ
314 2262 343 2281 v.
362 2251 381 2281 l.
399 2257 468 2282 ant.
490 2252 534 2291 (αἱ
550 2252 694 2286 πλείους)
845 2262 907 2291 295
933 2252 1149 2291 ἀφυσσόμενοι
1166 2251 1225 2282 Ar.
1248 2250 1372 2299 ipr
1390 2262 1433 2282 ss.

119 2293 146 2324 B
160 2294 185 2324 C
196 2293 275 2325 TV1
292 2295 335 2325 al.
354 2305 361 2324 t
385 2294 603 2334 ἀφυσσάμενοι
619 2295 706 2333 vulg.
813 2305 875 2333 297
900 2296 974 2326 ἰδὼν
990 2296 1033 2326 εἷς
1050 2296 1178 2335 οὐρανὸν
1196 2294 1285 2333 εὐρύν
1300 2298 1314 2324 i
1326 2294 1375 2324 M5
1387 2292 1437 2323 M⁷

120 2336 168 2367 M9
180 2337 242 2368 Μ13
253 2337 299 2367 U6
309 2336 367 2367 V18
378 2336 438 2367 V'27
455 2337 495 2367 al.
652 2347 713 2376 301
742 2340 870 2376 δαμεῖεν
886 2337 916 2368 Α
933 2337 960 2368 Β
974 2336 1029 2367 L¹⁰
1039 2337 1066 2367 T
1076 2336 1136 2367 V²⁶
1149 2335 1208 2367 V²7
1219 2336 1275 2367 V³l
1294 2348 1324 2368 v,
1343 2338 1360 2367 l.
1383 2348 1435 2376 ap.

120 2380 211 2411 Eust.
230 2392 237 2410 :
261 2383 384 2422 μιγεΐεν
401 2385 462 2411 cet.
547 2381 588 2410 de
602 2390 653 2411 vv.
664 2391 728 2420 302
744 2381 807 2411 a—d
824 2391 887 2420 304
898 2390 916 2411 a
926 2381 999 2418 306,
1016 2390 1044 2411 v.
1056 2380 1160 2420 praes.
1249 2389 1314 2420 303
1336 2380 1436 2420 μετα]

119 2436 192 2465 προς
208 2423 269 2471 βω
355 2424 418 2463 318
442 2426 522 2456 θεοῖς
539 2423 585 2456 ἰδὲ
604 2423 753 2454 Nicanor
769 2427 877 2460 efgq
888 2423 915 2454 B
926 2423 952 2454 C
970 2423 1010 2456 al.
