1660 2802
622 114 681 148 ll.
754 108 1003 145 ΙΛΙΑΔΟΣ
1052 108 1087 145 Λ

187 211 290 261 αἶψα
315 211 347 250 δ’
373 210 581 261 Ὀδυσσῆα
606 210 885 262 προσεφώνεεν
911 209 1030 262 ἐγγὺς
1055 210 1182 250 ἐόντα·

189 280 213 294 “
230 280 322 317 νῶϊν
347 276 392 326 δὴ
417 277 506 317 τόδε
530 278 639 326 πῆμα
665 277 896 322 κυλίνδεται,
923 278 1090 328 ὄβριμος
1106 275 1278 329 ”Εκτωρ·

187 342 278 382 ἀλλ’
303 342 375 394 ἄγε
400 342 445 392 δὴ
472 342 649 392 στέωμεν
674 342 736 382 καὶ
761 341 1023 393 ἀλεξώμεσθα
1046 342 1272 393 μένοντες.”

247 407 304 447 *H
328 409 389 459 ῥα,
417 410 479 448 καὶ
504 409 747 458 ἀμπεπαλὼν
772 408 897 460 προΐει
923 409 1179 462 δολιχόσκιον
1204 410 1335 463 ἔγχος,

188 476 250 515 καὶ
274 474 414 524 βάλεν,
442 474 521 515 οὐδ’
547 474 766 527 ἀφάμαρτε,
793 476 1073 525 τιτυσκόμενος
1098 479 1339 528 κεφαλῆφιν,

187 541 307 592 ἄκρην
333 543 404 581 κὰκ
431 542 585 592 κόρυθα·
624 541 814 594 πλάγχθη
841 541 873 581 δ’
900 541 976 582 ἀπὸ
1000 543 1178 594 χαλκόφι
1202 543 1365 596 χαλκός,

187 607 266 647 οὐδ’
292 608 396 648 ἰ’κετο
420 608 522 660 χρόα
547 608 682 648 καλόν·
721 608 882 660 ἐρύκακε
907 610 982 660 γὰρ
1007 607 1229 660 τρυφάλεια

187 675 398 727 τρίπτυχος
424 674 610 719 αὐλῶπις,
638 673 708 724 τήν
734 676 769 714 οἱ
794 676 890 726 πόρε
916 678 1068 725 Φοῖβος
1092 674 1320 716 Ἀπόλλων.

180 739 336 792 ’Ἑκτωρ
362 740 394 780 δ’
419 738 485 780 ὦκ’
510 739 728 793 ἀπέλεθρον
754 740 958 793 ἀνέδραμε,
985 742 1098 792 μίκτο
1123 740 1157 781 δ’
1182 743 1320 797 ὁμίλῳ,

188 809 262 857 στῆ
290 809 332 847 δὲ
356 804 457 858 γνὺξ
479 807 623 858 ἐριπὼν
651 809 711 848 καὶ
737 808 919 859 ἐρείσατο
944 809 1047 861 χειρὶ
1071 809 1217 865 παχείῃ

188 874 312 924 γαίης·
351 874 453 925 ἀμφὶ
478 876 518 914 δὲ
545 876 646 914 ὄσσε
672 874 830 924 κελαινὴ
857 873 930 924 νὺξ
949 873 1165 926 ἐκάλυψεν.

187 941 292 990 ὄφρα
316 941 357 980 δὲ
382 939 569 990 Τυδεΐδης
593 942 691 990 μετὰ
717 940 901 992 δούρατος
926 939 1035 996 ᾤχετ’
1061 940 1187 992 ἐρωὴν

187 1008 281 1055 τῆλε
306 1008 368 1045 διὰ
393 1006 618 1060 προμάχων,
646 1008 707 1047 ὅθι
733 1009 768 1048 οἱ
794 1009 1029 1048 καταείσατο
1053 1008 1179 1059 γαίης,

188 1072 302 1123 τόφρ’
321 1071 478 1124 “’Έκτωρ
504 1073 686 1123 ἔμπνυτο,
716 1075 778 1114 καὶ
803 1074 864 1125 ἂψ
888 1075 928 1116 ἐς
953 1075 1094 1125 δίφρον
1119 1073 1289 1125 ὀρούσας

189 1137 346 1188 ἑξέλασ’
373 1141 411 1181 ἐς
436 1140 601 1189 πληθύν,
633 1140 693 1179 καὶ
718 1140 887 1181 ἀλεύατο
914 1142 1010 1192 κῆρα
1034 1139 1241 1190 μέλαιναν.

188 1205 292 1256 δουρὶ
318 1205 349 1245 δ’
378 1205 585 1246 ἐπαΐσσων
610 1205 793 1258 προσέφη
821 1206 1005 1258 κρατερὸς
1031 1205 1242 1256 Διομήδης·

189 1275 213 1289 “
232 1270 276 1321 ἐξ
299 1272 345 1312 αὖ
370 1275 439 1312 νῦν
465 1273 609 1324 ἔφυγες
637 1272 814 1317 θάνατον,
843 1272 947 1312 κύον·
986 1271 1008 1321 ἦ
1032 1272 1075 1313 τέ
1098 1289 1157 1312 τοι
1181 1272 1276 1324 ἄγχι

188 1337 283 1387 ἦλθε
310 1339 440 1378 κακόν·
477 1341 546 1379 νῦν
572 1338 663 1378 αὖτέ
689 1338 726 1377 σ’
752 1339 919 1390 ἐρύσατο
945 1341 1096 1388 Φοῖβος
1121 1338 1345 1384 Ἀπόλλων,

187 1403 215 1458 ᾧ
233 1404 395 1455 μέλλεις
421 1405 610 1457 εὔχεσθαι
637 1406 704 1445 ἰὼν
729 1406 768 1446 ἐς
794 1407 938 1445 δοῦπον
962 1405 1148 1445 ἀκόντων.

187 1470 209 1520 ἦ
235 1469 306 1520 θήν
333 1471 370 1509 (τ’
396 1470 544 1521 ἐξανύω
570 1488 616 1522 γε
642 1472 704 1511 καὶ
729 1472 896 1523 ὕστερον
921 1469 1206 1521 ἀντιβολήσας,

187 1539 222 1577 εἴ
246 1537 320 1577 πού
344 1554 401 1578 τις
427 1539 488 1578 καὶ
515 1537 647 1588 ἔμοιγε
674 1540 771 1578 θεῶν
797 1537 1049 1589 ἐπιτάρροθός
1075 1538 1174 1577 ἐστι.

186 1607 254 1644 νῦν
280 1604 326 1644 αὖ
350 1604 438 1645 τοὺς
463 1603 609 1646 ἄλλους
634 1605 872 1654 ἐπιείσομαι,
899 1604 944 1644 ὅν
970 1621 1011 1644 κε
1036 1603 1210 1656 κιχείω.”

246 1669 317 1715 Ἦ,
346 1670 408 1710 καὶ
434 1672 650 1720 Παιονίδην
677 1670 927 1721 δουρικλυτὸν
953 1669 1184 1722 ἐξενάριζεν.

186 1736 305 1787 αὐτὰρ
330 1736 601 1788 Ἀλέξανδρος,
630 1736 797 1787 Ἑλένης
822 1738 940 1778 πόσις
964 1736 1160 1787 ἠϋκόμοιο,

185 1803 350 1858 Τυδεΐδῃ
377 1804 439 1843 ἔπι
465 1802 560 1854 τόξα
585 1805 790 1849 τιταίνετο,
818 1803 974 1854 ποιμένι
999 1807 1120 1849 λαῶν,

187 1868 315 1925 στήλῃ
343 1869 568 1920 κεκλιμένος
593 1869 844 1925 ἀνδροκμήτῳ
870 1870 933 1911 ἐπὶ
958 1870 1095 1924 τύμβῳ

179 1934 289 1976 Ἴλου
316 1937 573 1987 Δαρδανίδαο,
601 1940 772 1977 παλαιοῦ
798 1935 1095 1989 δημογέροντος.

184 2001 269 2051 ἤτοι
295 2003 314 2041 ὁ
339 2004 410 2053 μὲν
437 2003 593 2054 θώρηκα
617 2002 901 2055 Ἀγαστρόφου
927 2004 1103 2056 ἰφθίμοιο

185 2067 306 2108 αἴνυτ’
332 2068 408 2109 ἀπὸ
433 2068 635 2122 στήθεσφι
659 2071 877 2110 παναίολον
901 2070 1050 2110 ἀσπίδα
1073 2068 1107 2109 τ’
1134 2068 1248 2119 ὤμων

186 2134 246 2173 καὶ
273 2135 415 2186 κόρυθα
440 2135 621 2188 βριαρήν·
661 2137 681 2175 ὁ
708 2138 748 2176 δὲ
774 2135 890 2186 τόξου
914 2138 1043 2188 πῆχυν
1068 2135 1209 2175 ἄνελκε

1446 489 1510 521 350

1448 820 1510 852 355

1448 1143 1511 1184 360

1446 1812 1509 1846 370

1447 2142 1506 2177 375

221 2228 285 2265 348
308 2226 442 2266 μένοντε
461 2227 541 2260 Zen.
561 2228 652 2260 bVffi
815 2240 878 2270 354
903 2230 969 2264 ὦκα
985 2231 1058 2264 πέλ.
1078 2235 1133 2262 eh
1146 2231 1195 2262 Μ4
1212 2231 1258 2262 Uff
1347 2234 1413 2273 356
1437 2243 1502 2266 om.

178 2270 272 2310 Zeu„
292 2270 360 2301 ath.
381 2270 434 2301 hie
452 2270 626 2311 Aristoph.
647 2273 708 2304 Ar.
731 2274 904 2313 (=E310)
1046 2275 1110 2314 358
1133 2276 1208 2318 γαίῃ
1226 2279 1275 2307 fh
1287 2275 1314 2307 B
1329 2276 1356 2307 C
1372 2276 1414 2307 al.

178 2315 243 2352 366
267 2313 310 2355 εἴ]
331 2313 350 2351 ἧ
368 2318 442 2351 clq
542 2315 630 2357 ἐστι]
650 2319 697 2355 εἵη
713 2315 838 2356 V¹V2⁷‚
861 2328 889 2348 v.
905 2317 925 2349 l.
947 2318 979 2348 in
997 2318 1027 2348 A
1045 2330 1051 2348 :
1077 2319 1164 2351 ἔλθοι
1180 2329 1205 2349 n
1218 2318 1263 2350 Ul
1350 2321 1414 2359 368
1440 2322 1503 2361 ἐξε-

179 2356 302 2398 νάριζεν
317 2356 376 2387 ΑΓ.
398 2357 484 2389 AT:
513 2359 686 2401 ἐξενάριξεν
702 2359 798 2399 Zeu-5
818 2361 914 2392 codd.
934 2366 996 2392 cet.
1111 2372 1171 2401 371
1201 2364 1250 2395 ἐπὶ
1268 2363 1348 2404 ἔργῳ
1365 2364 1416 2395 fC

178 2400 297 2441 πύργωι
319 2401 347 2430 D

1630 710 1638 782 .-‚.-
1630 474 1641 700 m-—u-vq—rm-..
