1670 2828
635 145 667 179 1.
744 137 1000 175 ΙΛΙΑΔΟΣ
1058 139 1090 174 Α

193 245 301 285 ἱστία
324 247 396 295 μὲν
422 246 646 289 στείλαντο,
674 242 798 283 θέσαν
823 241 854 282 δ’
881 243 922 282 ἐν
945 241 1011 292 νηῒ
1033 243 1214 298 μελαίνῃ,

190 311 302 351 ἱστὸν
329 310 362 350 δ’
390 311 572 365 ἱστοδόκῃ
600 309 784 350 πέλασαν
810 308 1064 360 προτόνοισιν
1089 307 1255 360 ὑφέντες

190 378 455 428 καρπαλίμως,
482 376 553 426 τὴν
580 375 611 416 δ’
639 377 693 417 εἰς
719 376 840 427 ὅρμον
865 373 1116 426 προέρεσσαν
1142 375 1329 426 ἐρετμοῖς.
1457 388 1521 419 435

188 445 228 483 ἐκ
255 443 287 483 δ’
314 443 427 484 εὐνὰς
451 443 618 493 ἔβαλον,
647 443 745 481 κατὰ
770 443 811 481 δὲ
837 439 1051 493 πρυμνήσι’
1078 440 1238 490 ἔδησαν·

188 511 229 549 ἐκ
255 512 296 550 δὲ
321 511 383 550 καὶ
409 509 518 549 αὐτοὶ
544 512 687 559 βαῖνον
714 509 777 548 ἐπὶ
802 508 962 559 ῥηγμῖνι
991 506 1213 557 θαλάσσης,

189 578 230 616 ἐκ
255 576 287 615 δ’
313 577 540 626 ἑκατόμβην
566 577 704 625 βῆσαν
729 574 913 628 ἑκηβόλῳ
941 573 1182 614 Ἀπόλλωνι·

189 644 230 682 ἐκ
257 644 298 684 δὲ
322 642 499 694 Χρυσηῒς
523 641 615 691 νηὸς
640 643 695 691 βῆ
722 640 998 692 ποντοπόροιο.

189 709 259 759 τὴν
284 711 356 759 μὲν
381 708 501 749 ἔπειτ’
527 709 590 748 ἐπὶ
617 707 758 758 βωμὸν
784 706 891 759 ἄγων
918 707 1136 757 πολύμητις
1161 705 1385 748 Ὀδυσσεὺς
1458 718 1523 750 440

190 776 306 827 πατρὶ
332 777 437 829 φίλῳ
463 777 505 815 ἐν
530 775 648 827 χερσὶ
672 775 782 819 τίθει,
813 774 879 814 καί
901 790 966 824 μιν
994 772 1244 825 προσέειπεν·

192 844 215 858 “
233 840 261 881 ὦ
287 841 439 893 Χρύση,
466 842 542 893 πρό
565 841 603 891 μ’
630 841 812 892 ἔπεμψεν
838 839 939 890 ἄναξ
965 840 1116 891 ἀνδρῶν
1141 838 1402 891 Ἀγαμέμνων

191 907 308 948 παῖδά
332 925 375 948 τε
399 909 463 948 σοὶ
489 907 646 959 ἀγέμεν,
675 908 815 961 Φοίβῳ
844 905 875 946 θ’
904 906 1010 958 ἱερὴν
1040 906 1266 956 ἑκατόμβην

189 974 298 1025 ῥέξαι
322 975 417 1026 ὑπὲρ
444 978 625 1019 Δαναῶν,
653 973 743 1025 ὄφρ’
772 973 1028 1023 ἱλασόμεσθα
1054 971 1214 1017 ἄνακτα,

191 1040 232 1082 ὃς
257 1044 325 1081 νῦν
349 1040 568 1092 Ἀργείοισι
592 1040 823 1080 πολύστονα
851 1038 952 1089 κήδε’
980 1037 1168 1091 ἐφῆκεν.”
1461 1048 1523 1080 445

252 1106 330 1149 ΔΩς
357 1107 474 1147 εἰπὼν
500 1108 541 1147 ἐν
567 1108 683 1159 χερσὶ
710 1107 819 1151 τίθει,
851 1107 870 1144 ὁ
896 1105 927 1145 δ’
957 1104 1117 1155 ἐδέξατο
1144 1105 1294 1157 χαίρων

192 1176 310 1214 παῖδα
336 1174 472 1225 φίλην·
510 1174 568 1213 τοὶ
593 1172 624 1212 δ’
651 1171 732 1212 ὦκα
756 1175 830 1226 θεῷ
858 1172 964 1224 ἱερὴν
992 1171 1220 1223 ἑκατόμβην

192 1238 318 1290 ἑξείης
344 1239 518 1289 ἔστησαν
544 1239 734 1289 ἐΰδμητον
761 1239 849 1290 περὶ
874 1239 1026 1289 βωμόν,

191 1307 436 1360 χερνίψαντο
460 1305 492 1346 δ’
518 1306 653 1346 ἔπειτα
679 1306 741 1345 καὶ
768 1305 989 1358 οὐλοχύτας
1015 1303 1218 1345 ἀνέλοντο.

192 1375 319 1412 τοῖσιν
344 1374 385 1413 δὲ
410 1373 570 1424 Χρύσης
594 1371 734 1424 μεγάλ’
762 1372 899 1424 εὔχετο
925 1375 1062 1424 χεῖρας
1089 1369 1291 1423 ἀνασχών·
1460 1380 1526 1412 450

194 1441 218 1456 “
236 1440 352 1479 κλῦθί
371 1455 454 1488 μευ,
483 1437 724 1491 ἀργυρότοξ’,
753 1437 794 1479 ὃς
821 1438 986 1489 Χρύσην
1014 1436 1300 1490 ἀμφιβέβηκας

195 1507 349 1546 Κίλλαν
373 1522 414 1545 τε
441 1504 576 1554 ζαθέην
601 1504 788 1545 Τενέδοιό
811 1521 854 1544 τε
879 1503 944 1556 ἶφι
971 1502 1176 1545 ἀνάσσεις·

192 1571 288 1622 ἠμὲν
313 1569 357 1621 δή
384 1571 468 1612 ποτ’
495 1572 586 1621 ἐμεῦ
611 1570 733 1623 πάρος
758 1570 894 1612 ἔκλυες
922 1569 1164 1620 εὐξαμένοιο,

192 1639 358 1689 τίμησας
383 1640 454 1687 μὲν
479 1636 560 1688 ἐμέ,
586 1636 688 1689 μέγα
714 1637 745 1677 δ’
766 1638 865 1689 ἴψαο
888 1636 988 1677 λαὸν
1015 1636 1204 1689 Ἀχαιῶν·

192 1704 250 1754 ἡδ’
277 1704 333 1744 ἔτι
358 1705 421 1744 καὶ
446 1707 513 1745 νῦν
537 1721 602 1755 μοι
625 1703 704 1744 τόδ’
732 1702 965 1755 ἐπικρήηνον
996 1702 1155 1755 ἐέλδωρ·
1463 1713 1525 1745 455

193 1770 264 1821 ἤδη
291 1774 358 1811 νῦν
386 1774 605 1812 Δαναοῖσιν
630 1769 761 1811 ἀεικέα
786 1770 925 1822 λοιγὸν
954 1768 1139 1820 ἄμυνον.”

208 1859 219 1868 =
254 1836 333 1879 ὁΩς
359 1836 470 1888 ἔφατ’
496 1838 718 1890 εὐχόμενος,
746 1840 814 1876 τοῦ
839 1836 871 1876 δ’
903 1836 1017 1876 ἔκλυε
1042 1839 1194 1886 Φοῖβος
1217 1834 1445 1875 Ἀπόλλων.

195 1903 314 1954 αὐτὰρ
340 1903 426 1944 ἐπεί
447 1903 486 1955 ῥ’
513 1902 674 1953 εὔξαντο
703 1903 764 1942 καὶ
790 1903 1010 1956 οὐλοχύτας
1035 1902 1302 1954 προβάλοντο,

196 1969 390 2021 αὐέρυσαν
415 1971 486 2020 μὲν
511 1974 644 2021 πρῶτα
670 1970 731 2009 καὶ
762 1968 945 2021 ἔσφαξαν
970 1970 1032 2009 καὶ
1057 1969 1221 2020 ἔδειραν,

195 2035 340 2087 μηρούς
364 2035 396 2075 τ’
421 2034 608 2086 ἐξέταμον
636 2035 731 2076 κατά
762 2053 804 2076 τε
829 2038 945 2092 κνίσῃ
971 2035 1177 2087 ἐκάλυψαν
1464 2034 1529 2075 460

198 2103 365 2154 δίπτυχα
389 2102 638 2152 ποιήσαντες,
675 2103 733 2143 ἐπ’
762 2104 888 2144 αὐτῶν
915 2102 947 2142 δ’
973 2100 1243 2153 ὠμοθέτησαν·

241 2203 303 2232 434
328 2192 461 2233 ὑφέντες
484 2192 564 2225 Zen.
593 2194 711 2225 codd.:
743 2194 878 2236 ἀφέντες
902 2195 961 2226 Ar.
1095 2203 1159 2234 435
1187 2193 1385 2236 προέρεσσαν
1410 2191 1522 2232 Sosig.

198 2236 316 2276 Argol.
345 2236 460 2276 Sinop.
489 2236 548 2268 Ar.
578 2236 656 2268 P'21:
691 2242 892 2280 προέρυσσαν
921 2239 1016 2269 codd.
1181 2248 1244 2276 444
1279 2237 1348 2268 ath.
1376 2235 1436 2267 Ar.

198 2281 347 2319 446-447
376 2281 416 2311 ὣς
441 2281 534 2311 εἰπὼν
562 2280 660 2317 ζεῖπεν
685 2281 799 2321 Wolf)
825 2284 874 2313 τοὶ
899 2281 925 2314 δ’
950 2282 1016 2314 ὦκα
1039 2285 1098 2323 θεῷ
1122 2282 1208 2323 ἱερὴν
1233 2279 1418 2320 ἑκατόμβην
1441 2276 1523 2310 Zen-

284 2333 346 2362 447
383 2324 468 2364 ἱερὴν
496 2322 575 2353 Zen.
604 2323 686 2355 An:
721 2327 855 2362 κλειτὴν
882 2336 911 2356 v.
929 2325 948 2356 l.
977 2330 1055 2364 ant„
1086 2325 1202 2355 codd.:
1239 2324 1370 2361 κλεινὴν
1392 2321 1435 2351 V¹

199 2376 262 2405 449
293 2365 465 2406 ἀνέλοντο]
491 2367 693 2408 προβάλοντο
717 2368 767 2399 Ve
793 2367 887 2399 Eust.
1022 2377 1085 2408 453
1111 2367 1192 2407 ἠμὲν
1216 2367 1254 2406 δή
1281 2366 1438 2406 Spitzner
1463 2366 1519 2408 (cf.

199 2416 226 2442 Π
243 2411 320 2450 236)
337 2421 343 2440 :
367 2410 427 2448 ἤδη
443 2409 501 2449 μέν
517 2410 613 2441 codd.
