1660 2802
668 127 702 162 7.
775 122 1034 160 ΙΛΙΑΔΟΣ
1083 123 1119 160 H

230 229 396 269 Αἴαντος
422 228 680 279 προφυγόντα
705 226 821 277 μένος
850 227 911 266 καὶ
937 229 1071 279 χεῖρας
1096 224 1281 268 ἀάπτους·

229 296 295 334 καί
313 294 353 346 ῥ’
380 293 477 346 ἦγον
502 294 615 346 προτὶ
641 293 754 339 ἄστυ,
783 291 1046 334 ἀελπτέοντες
1073 293 1169 333 σόον
1196 293 1308 334 εἶναι.
1493 306 1554 337 310

228 360 360 401 Αἴαντ’
386 360 469 401 αὖθ’
496 360 684 412 ἑτέρωθεν
712 358 938 409 ἐϋκνήμιδες
964 359 1122 413 Ἀχαιοὶ

228 429 282 470 εἰς
307 427 584 479 Ἀγαμέμνονα
610 430 692 467 δῖον
719 426 828 478 ἄγον,
860 427 1081 479 κεχαρηότα
1106 427 1205 481 νίκῃ.

294 496 344 534 Οἱ
370 494 402 533 δ’
428 495 492 534 ὅτε
518 493 561 543 δὴ
591 495 795 549 κλισίῃσιν
821 494 863 533 ἐν
892 491 1096 543 Ἀτρεΐδαο
1122 491 1297 545 γένοντο,

227 565 333 601 τοῖσι
357 563 399 601 δὲ
426 564 526 611 βοῦν
553 559 728 611 ἱέρευσεν
753 559 855 610 ἄναξ
881 560 1032 611 ἀνδρῶν
1057 558 1316 611 Ἀγαμέμνων

227 626 375 678 ἄρσενα
400 626 668 678 πανταέτηρον
693 626 900 678 ὑπερμενέϊ
932 627 1136 677 Κρονίωνι.
1494 638 1555 670 3¹5

227 693 296 734 τὸν
321 693 434 745 δέρον
460 694 567 746 ἀμφί
588 693 622 733 θ’
649 694 756 739 ἕπον,
786 695 852 733 καί
874 708 943 745 μιν
968 692 1147 746 διέχευαν
1173 691 1338 738 ἅπαντα,

228 761 450 811 μίστυλλόν
475 760 507 799 τ’
533 760 592 812 ἄρ’
619 759 889 811 ἐπισταμένως
920 758 1057 811 πεῖράν
1082 758 1115 798 τ’
1142 759 1365 810 ὀβελοῖσιν,

229 826 417 877 ὤπτησάν
442 844 485 867 τε
510 826 792 879 περιφραδέως,
821 827 1018 878 ἐρύσαντό
1042 843 1083 866 τε
1109 825 1250 866 πάντα.

229 893 349 945 αὐτὰρ
375 894 458 934 ἐπεὶ
485 894 688 934 παύσαντο
714 894 835 934 πόνου
860 893 1071 933 τετύκοντό
1095 909 1135 933 τε
1163 895 1289 938 δαῖτα,

230 960 411 1006 δαίνυντ’,
440 960 528 1000 οὐδέ
552 977 588 1000 τι
614 960 733 1011 θυμὸς
759 961 913 1000 ἐδεύετο
941 959 1070 1001 δαιτὸς
1097 958 1221 1010 ἐΐσης·
1496 971 1559 1003 320

229 1027 413 1067 νώτοισιν
438 1027 470 1066 δ’
498 1029 645 1067 Αἴαντα
669 1026 918 1077 διηνεκέεσσι
946 1025 1125 1078 γέραιρεν

230 1094 330 1145 ἥρως
356 1093 569 1145 Ἀτρείδης,
599 1093 687 1145 εὐρὺ
715 1095 852 1145 κρείων
882 1092 1154 1145 Ἀγαμέμνων.

230 1160 350 1212 αὐτὰρ
375 1161 459 1200 ἐπεὶ
487 1161 626 1202 πόσιος
653 1161 713 1200 καὶ
741 1160 899 1210 ἐδητύος
926 1159 971 1210 ἐξ
994 1160 1083 1211 ἔρον
1108 1159 1208 1204 ἕντο,

230 1230 310 1268 τοῖς
335 1227 355 1265 ὁ
381 1226 504 1279 γέρων
532 1226 769 1278 πάμπρωτος
794 1227 976 1278 ὑφαίνειν
1001 1225 1145 1279 ἤρχετο
1170 1227 1286 1276 μῆτιν

230 1293 411 1346 Νέστωρ,
441 1294 484 1333 οὗ
511 1294 572 1333 καὶ
598 1294 772 1345 πρόσθεν
799 1293 939 1344 ἀρίστη
968 1293 1131 1344 φαίνετο
1156 1290 1299 1343 βουλή·
1497 1304 1558 1336 325

232 1362 253 1399 ὅ
279 1366 378 1412 σφιν
404 1359 627 1412 ἐϋφρονέων
653 1358 878 1412 ἀγορήσατο
905 1360 965 1400 καὶ
991 1358 1207 1409 μετέειπεν·

233 1430 258 1444 “
276 1426 452 1478 Ἀτρείδη
478 1444 520 1467 τε
547 1428 608 1467 καὶ
633 1426 751 1466 ἄλλοι
776 1426 959 1477 ἀριστῆες
987 1429 1241 1479 Παναχαιῶν,

233 1494 377 1534 πολλοὶ
403 1495 477 1545 γὰρ
502 1496 664 1534 τεθνᾶσι
691 1492 785 1545 κάρη
814 1494 1033 1543 κομόωντες
1058 1492 1228 1546 Ἀχαιοί,

232 1564 309 1600 τῶν
335 1563 401 1600 νῦν
426 1561 520 1611 αἷμα
547 1560 727 1599 κελαινὸν
754 1558 912 1611 ἐΰρροον
940 1560 1041 1611 ἀμφὶ
1069 1557 1323 1610 Σκάμανδρον

234 1625 416 1667 ἐσκέδασ’
443 1625 532 1676 ὀξὺς
552 1627 686 1678 ''qusy
716 1627 844 1679 ψυχαὶ
871 1626 903 1666 δ’
923 1626 1114 1666 ’Ἄϊδόσδε
1142 1626 1349 1675 κατῆλθον·
1498 1637 1559 1668 330

233 1696 284 1732 τῶ
311 1710 357 1733 σε
383 1693 457 1746 χρὴ
485 1694 661 1743 πόλεμον
686 1695 757 1743 μὲν
783 1692 847 1743 ἅμ’
875 1692 941 1743 ἠοῖ
964 1696 1111 1733 παῦσαι
1137 1692 1322 1745 Ἀχαιῶν,

233 1759 341 1800 αὐτοὶ
367 1759 398 1798 δ’
424 1760 633 1811 ἀγρόμενοι
661 1758 911 1810 κυκλήσομεν
938 1759 1076 1799 ἐνθάδε
1103 1757 1261 1810 νεκροὺς

234 1826 355 1876 βουσὶ
382 1827 442 1866 καὶ
467 1826 700 1876 ἡμιόνοισιν·
741 1827 837 1878 ἀτὰρ
866 1826 1108 1877 κατακήομεν
1134 1824 1272 1866 αὐτοὺς

234 1892 373 1933 τυτθὸν
392 1892 546 1943 ἀποπρὸ
574 1897 685 1939 νεῶν,
715 1894 765 1934 ὥς
793 1892 824 1932 κ’
851 1892 972 1933 ὀστέα
997 1893 1136 1933 παισὶν
1161 1892 1327 1933 ἕκαστος

234 1958 356 1999 οἴκαδ’
381 1958 469 2014 ἄγῃ,
497 1959 552 1998 ὅτ’
578 1959 624 1999 ἂν
650 1959 741 2000 αὖτε
768 1959 945 2010 νεώμεθα
971 1960 1137 2010 πατρίδα
1157 1961 1286 2010 γαῖαν.
1499 1969 1558 2000 335

235 2025 387 2076 τύμβον
412 2025 444 2065 δ’
471 2025 572 2077 ἀμφὶ
599 2026 723 2077 πυρὴν
752 2026 819 2066 ἕνα
845 2026 1013 2079 χεύομεν
1039 2024 1300 2077 ἐξαγαγόντες

236 2091 392 2143 ἄκριτον
418 2093 459 2132 ἐκ
486 2093 631 2132 πεδίου·
673 2094 763 2133 ποτὶ
790 2092 822 2131 δ’
849 2092 966 2132 αὐτὸν
991 2093 1174 2143 δείμομεν
1200 2089 1280 2131 ὦκα

279 2193 342 2222 312
380 2181 565 2223 κεκαφηότα
596 2182 649 2212 cit.
682 2181 732 2212 Et.
767 2181 812 2213 M.
843 2181 916 2219 482.
945 2182 965 2211 8
1134 2182 1198 2220 316
1233 2181 1379 2222 διέχευον
1406 2179 1493 2211 de
1520 2179 1561 2211 al.

239 2226 296 2265 (cs.
315 2226 424 2266 Γ270)
551 2236 613 2264 324
638 2227 755 2266 ἤρξατο
771 2228 789 2255 f
802 2225 855 2255 cit.
878 2224 972 2255 Eust.
1062 2224 1173 2264 μῆτιν]
1193 2227 1290 2261 μῦθον
1307 2222 1371 2254 Μ10
1387 2233 1431 2254 SS.
1451 2221 1564 2254 V1V32

237 2269 290 2300 cit.
307 2269 398 2300 Eust.
498 2279 559 2307 327
586 2269 746 2309 Ἀτρεῖδαί
762 2267 937 2304 elfikqA
954 2278 996 2298 SS.
1019 2267 1045 2298 Β
1059 2268 1084 2297 C
1103 2268 1143 2298 al.
1238 2267 1421 2306 ἐυκνήμιδες
1439 2266 1566 2307 Ἀχαιοί

237 2311 311 2343 eV⁵
410 2312 475 2352 328
497 2312 575 2352 γὰρ]
594 2312 653 2351 μὲν
670 2316 759 2349 bgq
777 2311 838 2342 aL:
863 2312 900 2349 δὴ
920 2311 970 2342 Ge
985 2311 1028 2341 N⁴
1044 2310 1144 2341 U⁵V¹
1243 2319 1394 2350 334-335
1417 2310 1483 2341 ath.
1503 2309 1562 2342 Ar.

324 2358 388 2395 336
413 2356 456 2396 δ’]
474 2355 504 2386 τ’
521 2355 580 2385 ΑΓ.
601 2359 626 2385 h
641 2355 680 2386 al.
772 2354 967 2395 ἀμφίβολον,
987 2368 1038 2395 γρ.
1058 2355 1128 2385 sch.
1150 2354 1176 2384 's
1329 2363 1391 2393 337
1418 2356 1451 2386 ἐν
1468 2353 1563 2394 πεδίῳ

238 2399 411 2441 Aristoph.
433 2410 461 2430 v.
479 2399 498 2429 1.
520 2398 551 2428 in
570 2397 612 2427 V⁵
630 2403 662 2429 ct
680 2409 731 2438 ap.
754 2398 845 2429 Eust.
938 2398 1028 2439 ποτὶ]
1049 2399 1117 2438 περὶ
1136 2397 1184 2427 M2'
1198 2395 1330 2427 M¹²V12
1347 2398 1387 2428 al.
