1624 2802
524 172 559 207 5.
634 166 891 204 1A1AA02
941 167 970 203 E

89 274 142 323 βῆ
167 273 207 311 δὲ
233 272 295 310 διὰ
319 268 534 321 προμάχων
560 268 838 320 κεκορυθμένος
864 271 995 308 αἴθοπι
1019 273 1168 323 χαλκῷ,

90 338 206 378 σείων
231 336 402 388 ἐγχείην·
439 339 504 375 τοῦ
529 335 561 374 δ’
589 336 757 387 ὤτρυνεν
781 333 896 386 μένος
915 333 1050 386 ”Αρης,

89 405 135 444 τὰ
159 400 349 455 φρονέων,
378 403 441 442 ἵνα
466 403 607 455 χερσὶν
632 401 695 442 ὑπ’
723 403 881 442 Αἰνείαο
907 402 1054 451 δαμείη.

88 470 154 510 τὸν
178 468 210 509 δ’
236 470 317 509 ἴδεν
342 468 588 521 Ἀντίλοχος,
615 468 840 520 μεγαθύμου
867 466 1071 519 Χέστορος
1095 468 1188 513 υἱός,
1343 471 1403 510 565

89 538 141 587 βῆ
168 537 208 575 δὲ
233 537 296 575 διὰ
320 535 549 588 προμάχων·
587 536 674 587 περὶ
699 536 774 586 γὰρ
799 535 855 574 δίε
880 532 1032 584 ποιμένι
1057 538 1176 580 λαῶν,

88 601 138 653 μή
164 619 199 642 τι
223 601 352 647 πάθοι,
379 599 481 653 μέγα
506 601 548 641 δέ
574 607 682 653 σφας
707 599 959 653 ἀποσφήλειε
983 601 1130 640 πόνοιο.

89 669 140 708 τὼ
164 670 236 719 μὲν
261 668 306 718 δὴ
331 667 467 721 χεῖράς
492 685 533 708 τε
560 668 621 707 καὶ
647 668 770 720 ἔγχεα
795 666 978 717 ὀξυόεντα

89 735 219 775 ἀντίον
243 733 431 784 ἀλλήλων
457 733 597 787 ἐχέτην
621 737 801 785 μεμαῶτε
824 733 1035 786 μάχεσθαι·

89 801 317 854 Ἀντίλοχος
342 803 383 841 δὲ
407 800 500 851 μάλ’
527 800 623 854 ἄγχι
647 801 864 852 παρίστατο
888 798 1044 851 ποιμένι
1069 804 1188 840 λαῶν.
1345 810 1409 841 570

90 868 244 909 Αἰνείας
269 867 302 907 δ’
327 867 372 907 οὐ
394 871 515 918 μεῖνε,
544 868 634 909 θοός
658 884 730 918 περ
757 868 830 907 ἐὼν
855 865 1110 917 πολεμιστής,

91 934 141 976 ὡς
165 933 265 975 εἶδεν
291 934 357 974 δύο
383 938 490 986 φῶτε
516 934 606 986 παρ’
633 933 850 983 ἀλλήλοισι
874 931 1049 984 μένοντε.

90 1002 125 1041 οἱ
149 1000 180 1040 δ’
206 1002 290 1041 ἐπεὶ
315 1001 383 1041 οὖν
407 1001 565 1053 νεκροὺς
591 1001 736 1052 ἔρυσαν
761 1001 859 1050 μετὰ
884 999 981 1039 λαὸν
1006 999 1192 1052 Ἀχαιῶν,

90 1067 142 1107 τὼ
165 1069 236 1118 μὲν
261 1067 334 1119 ἄρα
360 1068 476 1107 δειλὼ
501 1065 682 1118 βαλέτην
709 1068 751 1107 ἐν
777 1066 918 1119 χερσὶν
943 1066 1120 1118 ἑταίρων,

92 1133 192 1174 αὐτὼ
216 1136 257 1174 δὲ
283 1132 525 1186 στρεφθέντε
549 1136 648 1185 μετὰ
673 1134 866 1184 πρώτοισι
891 1130 1112 1186 μαχέσθην.
1348 1142 1409 1172 575

151 1199 278 1241 ’Ένθα
302 1200 554 1251 Πυλαιμένεα
579 1198 720 1250 ἑλέτην
745 1198 967 1239 ἀτάλαντον
986 1197 1116 1250 ”Αρηί”,

92 1266 212 1320 ἀρχὸν
238 1267 522 1319 Παφλαγόνων
545 1266 780 1319 μεγαθύμων
806 1264 1052 1306 ἀσπιστάων.

92 1333 158 1374 τὸν
181 1335 250 1384 μὲν
276 1333 334 1385 ἄρ’
360 1333 560 1385 Ἀτρεΐδης
586 1332 847 1385 δουρικλειτὸς
874 1330 1081 1374 Μενέλαος

94 1399 246 1440 ἑσταότ’
272 1399 383 1453 ἔγχεϊ
408 1398 497 1449 νύξε
523 1401 619 1440 κατὰ
645 1396 786 1450 κληῗδα
810 1398 999 1452 τυχήσας·

94 1466 325 1520 Ἀντίλοχος
349 1469 391 1507 δὲ
416 1467 588 1507 Μύδωνα
612 1466 721 1517 βάλ’,
749 1466 912 1518 ἡνίοχον
939 1464 1169 1516 θεράποντα,
1347 1467 1410 1505 580

94 1532 240 1573 ἐσθλὸν
265 1532 605 1583 Ἀτυμνιάδην-ὁ
631 1532 662 1571 δ’
694 1530 921 1583 ὑπέστρεφε
946 1530 1128 1582 μώνυχας
1153 1531 1352 1571 ἵππους-

95 1600 289 1653 χερμαδίῳ
316 1600 472 1651 ἀγκῶνα
497 1599 625 1651 τυχὼν
650 1598 786 1649 μέσον·
826 1600 867 1637 ἐκ
893 1597 925 1636 δ’
952 1597 1026 1648 ἄρα
1051 1600 1192 1649 χειρῶν

95 1666 183 1715 ἡνία
206 1665 312 1706 λεύκ’
339 1663 528 1717 ἐλέφαντι
553 1666 676 1717 χαμαὶ
702 1663 827 1705 πέσον
855 1665 896 1703 ἐν
923 1664 1114 1718 κονίῃσιν.

97 1731 327 1785 Ἀντίλοχος
352 1731 384 1771 δ’
411 1731 469 1783 ἄρ’
497 1730 657 1781 ἐπαΐξας
681 1729 788 1783 ξίφει
812 1730 940 1780 ἤλασε
967 1730 1126 1781 κόρσην·

97 1798 213 1850 αὐτὰρ
238 1799 260 1838 ὅ
283 1798 319 1850 γ’
345 1799 573 1848 ἀσθμαίνων
599 1795 776 1849 εὐεργέος
801 1797 945 1836 ἔκπεσε
969 1797 1112 1847 δίφρου
1355 1798 1416 1836 585

98 1864 301 1917 κύμβαχος
325 1866 367 1904 ἐν
392 1865 570 1920 κονίῃσιν
597 1864 659 1904 ε’πὶ
685 1864 864 1916 βρεχμόν
889 1879 930 1903 τε
957 1862 1019 1902 καὶ
1045 1862 1181 1911 ὤμους.

98 1932 194 1980 δηθὰ
216 1930 309 1981 μάλ’
335 1929 647 1983 ἑστήκει-τύχε
673 1929 746 1982 γάρ
773 1929 812 1981 ῥ’
839 1928 1002 1980 ἀμάθοιο
1028 1929 1252 1979 βαθείης-

99 1996 186 2048 ὄφρ’
211 1997 314 2038 ἵππω
339 1995 539 2047 πλήξαντε
562 1997 686 2050 χαμαὶ
713 1995 844 2047 βάλον
870 1998 911 2036 ἐν
938 1996 1104 2050 κονίῃσι·

98 2062 186 2103 τοὺς
210 2063 318 2113 ἵμασ’
344 2063 589 2116 Ἀντίλοχος,
617 2064 715 2113 μετὰ
740 2065 781 2102 δὲ
808 2061 977 2112 στρατὸν
1001 2060 1120 2111 ἤλασ’
1146 2060 1334 2112 Ἀχαιῶν.

163 2129 264 2170 Τοὺς
289 2128 322 2169 δ’
339 2128 498 2181 ”Εκτωρ
524 2130 666 2179 ἐνόησε
693 2130 789 2168 κατὰ
817 2129 971 2180 στίχας,
999 2125 1098 2178 ὦρτο
1123 2126 1155 2165 δ’
1182 2125 1241 2166 ἐπ’
1267 2125 1406 2166 αὐτοὺς

102 2196 309 2247 κεκληγώς·
348 2195 427 2247 ἅμα
452 2198 494 2236 δὲ
518 2196 666 2247 Τρώων
691 2196 848 2235 εἵποντο
874 2193 1082 2246 φάλαγγες
1356 2204 1417 2235 591

102 2262 290 2313 καρτεραί·
329 2261 425 2315 ἦρχε
450 2262 481 2302 δ’
506 2262 580 2314 ἄρα
607 2267 706 2314 σφιν
726 2261 848 2313 ’Ἄρης
874 2261 936 2300 καὶ
961 2258 1087 2299 πότνι’
1112 2258 1251 2304 Ἐνυώ,

144 2354 204 2392 567
231 2361 330 2394 σφεας
348 2358 371 2385 b
383 2357 405 2385 d.
417 2363 441 2391 g·
452 2353 479 2384 B
492 2353 518 2383 C
531 2353 560 2383 D
572 2353 599 2383 T
616 2352 657 2382 al.
759 2361 821 2390 579
845 2351 927 2390 παρὰ
945 2360 963 2379 e
975 2353 1000 2379 h
1014 2349 1042 2378 D
1055 2348 1083 2378 T
1101 2347 1142 2377 al.
1237 2346 1299 2385 583
1323 2343 1423 2377 πέσεν

102 2395 330 2428 11V¹4V¹5V¹6
462 2397 523 2436 587
549 2395 574 2438 ῥ’
593 2393 738 2436 ἀμάθοιο]
758 2395 785 2436 ῥ’
804 2403 867 2425 om.
886 2398 979 2424 lmr
996 2392 1036 2423 al.
1057 2402 1063 2422 :
1090 2390 1244 2431 ψαμάθοιο
1262 2393 1340 2421 chi
1356 2389 1395 2419 al.
