1624 2802
544 130 601 163 11.
676 124 930 161 ΙᾹΙΑΔΟΣ
978 126 1012 162 A

120 226 338 266 ἐσσεύαντο
364 225 473 266 κύνες
498 242 540 267 τε
566 227 628 266 καὶ
652 227 787 277 ἀνέρες
813 227 1033 278 ἀγροιῶται,

118 292 158 332 οἵ
179 291 222 332 τέ
243 309 310 343 μιν
335 291 403 331 οὐκ
429 293 541 331 εἰῶσι
564 295 675 342 βοῶν
700 294 742 332 ἐκ
766 297 858 343 πῖαρ
886 292 1049 333 ἑλέσθαι

118 357 312 411 πάννυχοι
337 356 616 410 ἐγρήσσοντες·
655 358 675 397 ὁ
699 361 739 399 δὲ
767 362 902 409 κρειῶν
929 360 1110 410 ἐρατίζων

119 424 228 470 ἰθύει,
255 423 346 464 ἀλλ’
372 424 416 464 οὔ
441 441 479 464 τι
501 423 691 476 πρήσσει·
729 424 870 475 θαμέες
895 426 970 477 γὰρ
993 425 1154 467 ἄκοντες

117 491 250 531 ἀντίον
275 490 465 531 ἀΐσσουσι
490 490 713 543 θρασειάων
738 490 814 530 ἀπὸ
839 495 994 543 χειρῶν,

118 557 323 608 καιόμεναί
343 574 386 597 τε
409 558 528 603 δεταί,
557 557 626 599 τάς
650 574 691 598 τε
717 561 802 609 τρεῖ
823 558 1043 608 ἐσσύμενός
1067 576 1151 611 περ·

117 623 242 674 ἠῶθεν
266 623 299 664 δ’
325 624 554 676 ἀπονόσφιν
579 623 654 674 ἔβη
679 624 849 674 τετιηότι
874 627 994 679 θυμῷ·

118 690 168 732 ὣς
193 691 289 732 Αἴας
314 690 392 731 τότ’
417 690 494 731 ἀπὸ
518 690 666 742 Τρώων
692 690 916 742 τετιημένος
941 689 1033 743 ἦτορ

116 755 177 807 ἤϊε
200 756 320 798 πόλλ’
346 756 485 797 ἀέκων·
522 758 611 809 περὶ
636 759 710 809 γὰρ
736 758 793 797 δίε
818 758 957 808 νηυσὶν
983 757 1169 810 Ἀχαιῶν.

118 823 168 865 ὡς
193 823 225 863 δ’
252 823 309 863 ὅτ’
335 825 424 865 ὄνος
443 823 532 876 παρ’
557 823 726 875 ἄρουραν
752 824 820 864 ἰὼν
847 822 1039 874 ἐβιήσατο
1064 826 1203 866 παῖδας

116 888 254 940 νωθής,
282 888 310 945 ᾧ
339 889 384 940 δὴ
409 892 544 930 πολλὰ
568 891 656 942 περὶ
679 890 820 943 ῥόπαλ’
847 891 970 942 ἀμφὶς
995 889 1104 945 ἐάγῃ,

119 957 235 1008 κείρει
260 956 292 997 τ’
319 957 512 997 εἰσελθὼν
536 957 642 1008 βαθὺ
667 956 794 1007 λήϊον·
831 959 866 997 οἱ
893 956 934 997 δέ
959 974 1000 997 τε
1024 960 1160 998 παῖδες

117 1022 333 1063 τύπτουσιν
357 1023 585 1075 ῥοπάλοισι·
623 1024 694 1075 βίη
721 1023 763 1064 δέ
787 1040 830 1064 τε
854 1024 971 1073 νηπίη
998 1023 1136 1063 αὐτῶν·

119 1091 271 1145 σπουδῇ
295 1089 328 1128 τ’
354 1088 599 1139 ἐξήλασσαν,
626 1091 716 1130 ἐπεί
736 1089 767 1129 τ’
793 1089 1033 1141 ἐκορέσσατο
1058 1091 1229 1141 φορβῆς·

119 1155 170 1197 ὣς
194 1155 274 1195 τότ’
301 1155 421 1196 ἔπειτ’
449 1157 598 1197 Αἴαντα
620 1155 760 1208 μέγαν,
785 1156 1042 1207 Τελαμώνιον
1066 1156 1162 1202 υἱόν,

117 1224 251 1274 Τρῶες
277 1221 488 1274 ὑπέρθυμοι
513 1222 775 1274 πολυηγερέες
798 1222 832 1262 τ’
860 1224 1054 1273 ἐπίκουροι

119 1288 338 1330 νύσσοντες
363 1287 543 1339 ξυστοῖσι
567 1288 690 1340 μέσον
717 1288 837 1331 σάκος
862 1290 944 1329 αἰὲν
970 1289 1122 1329 ἕποντο.

119 1356 216 1397 Αἴας
243 1355 275 1395 δ’
305 1354 450 1395 ἄλλοτε
474 1358 545 1406 μὲν
568 1355 822 1406 μνησάσκετο
847 1356 1021 1406 θούριδος
1046 1356 1167 1404 ἀλκῆς

117 1422 225 1464 αῧτις
251 1422 556 1474 ὑποστρεφθείς,
584 1423 646 1462 καὶ
671 1422 915 1473 ἐρητύσασκε
941 1421 1153 1473 φάλαγγας

116 1488 261 1539 Τρώων
290 1488 533 1539 ἱπποδάμων·
573 1489 636 1528 ὁτὲ
661 1490 702 1528 δὲ
726 1487 979 1539 τρωπάσκετο
1005 1487 1179 1539 φεύγειν.

116 1552 266 1596 πάντας
292 1556 333 1594 δὲ
359 1554 547 1607 προέεργε
572 1556 666 1596 θοὰς
691 1555 753 1594 ἐπὶ
779 1556 873 1603 νῆας
898 1554 1057 1599 ὁδεύειν,

118 1620 232 1662 αὐτὸς
257 1623 299 1661 δὲ
322 1621 469 1672 Τρώων
495 1621 558 1660 καὶ
581 1619 755 1672 Ἀχαιῶν
781 1623 869 1660 θῦνε
891 1620 1046 1671 μεσηγὺ

119 1685 340 1738 ἱστάμενος·
378 1688 427 1726 τὰ
453 1689 493 1727 δὲ
519 1690 636 1738 δοῦρα
661 1686 882 1738 θρασειάων
907 1685 982 1726 ἀπὸ
1006 1689 1150 1738 χειρῶν

117 1752 222 1793 ἄλλα
245 1756 316 1804 μὲν
346 1755 387 1793 ἐν
413 1751 526 1793 σάκεϊ
550 1751 710 1807 μεγάλῳ
737 1750 862 1804 πάγεν
887 1754 1030 1804 ὄρμενα
1054 1753 1232 1804 πρόσσω,

117 1821 250 1860 πολλὰ
275 1822 317 1860 δὲ
343 1820 405 1860 καὶ
430 1820 628 1872 μεσσηγύ,
656 1818 777 1871 πάρος
801 1819 902 1871 χρόα
925 1818 1064 1858 λευκὸν
1089 1820 1282 1869 ἐπαυρεῖν,

119 1887 160 1926 ἐν
185 1887 276 1942 γαίῃ
300 1888 475 1932 ἵσταντο,
503 1887 739 1936 λιλαιόμενα
763 1884 880 1937 χροὸς
903 1885 1010 1924 ἆσαι.

183 1953 264 1993 Τὸν
288 1952 321 1992 δ’
347 1952 398 1994 ὡς
423 1952 490 1992 οὖν
517 1952 648 2002 ἐνόησ’
677 1952 896 2002 Εὐαίμονος
920 1950 1067 2002 ἀγλαὸς
1091 1949 1172 1991 υἱὸς

120 2018 347 2070 Εὐρύπυλος
371 2022 571 2059 πυκινοῖσι
594 2019 829 2069 βιαζόμενον
855 2016 1060 2068 βελέεσσι,

118 2087 192 2135 στῆ
217 2086 266 2137 ῥα
291 2085 380 2138 παρ’
406 2085 522 2125 αὐτὸν
550 2085 630 2131 ἰών,
659 2085 722 2124 καὶ
748 2085 929 2124 ἀκόντισε
954 2084 1059 2134 δουρὶ
1085 2086 1248 2135 φαεινῷ,

118 2151 180 2191 καὶ
203 2149 309 2202 βάλε
335 2150 565 2202 Φαυσιάδην
589 2149 823 2195 Ἀπισάονα,
852 2149 1017 2200 ποιμένα
1041 2152 1161 2193 λαῶν,

117 2217 221 2269 ἧπαρ
245 2218 322 2258 ὑπὸ
346 2219 562 2269 πραπίδων,
591 2218 698 2269 εἶθαρ
722 2217 754 2257 δ’
779 2216 852 2257 ὑπὸ
878 2215 1033 2268 γούνατ’
1059 2215 1214 2254 ἔλυσεν·

158 2322 221 2351 549
245 2311 420 2343 ἐσσεύαντο
438 2312 481 2342 cs.
503 2316 529 2342 O
547 2320 609 2350 272
800 2310 863 2347 563
889 2321 927 2340 ως
944 2322 983 2349 pa
1001 2322 1059 2339 τοτ
1077 2316 1145 2348 amp
1162 2321 1274 2339 αιαντα
1291 2306 1352 2354 19²⁵

1285 2352 1345 2388 565
1371 2350 1439 2390 ξιφ]

117 2356 178 2393 564
203 2353 416 2395 πολυηγερέες
435 2354 491 2385 ΑΓ.
515 2366 521 2384 ;
547 2353 756 2392 τηλεκλειτοί
777 2353 828 2382 vel
847 2352 1047 2389 τηλεκλητοί
1065 2351 1158 2381 codd.

1374 309 1437 339 550

1375 639 1438 669 555

1378 961 1441 1001 560

1377 1292 1439 1332 565

1378 1631 1440 1663 570

1375 1961 1438 1993 575

119 2410 186 2429 εσιν
203 2411 238 2429 τε
254 2410 354 2436 μεσον
373 2410 468 2429 araxos
488 2394 548 2444 13³⁹
683 2397 746 2435 568
775 2395 901 2436 φεύγων
921 2394 997 2424 Bm⁵
1011 2394 1058 2423 Οιζ
1072 2393 1126 2423 PH*
1137 2394 1164 2423 T
1177 2395 1232 2423 ΧΨ
1248 2392 1293 2422 U²
1311 2403 1353 2423 55.
1375 2404 1403 2423 v.
1420 2394 1438 2423 l.

118 2451 169 2480 ap.
190 2441 283 2471 Eust.
418 2450 480 2479 573
504 2441 602 2471 καλὸν
624 2444 680 2470 ch
