1660 2802
642 135 676 169 9.
751 128 1005 166 IAIAAOE
1052 129 1069 166 Ι

197 232 452 285 κικλήσκονσ’
479 232 615 282 Ἀΐδην
642 233 704 272 καὶ
732 230 895 280 ἐπαινὴν
919 231 1238 282 Περσεφόνειαν,

197 301 345 353 πρόχνυ
372 298 622 349 καθεζομένη,
651 298 810 338 δεύοντο
835 299 877 337 δὲ
904 295 1068 347 δάκρυσι
1094 297 1246 341 κόλποι,
1457 309 1521 341 570

196 368 303 408 παιδὶ
330 367 446 417 δόμεν
472 364 654 405 θάνατον·
693 366 762 414 τῆς
787 363 819 402 δ’
845 362 1072 415 ἠεροφοῖτις
1097 362 1252 413 Ἐρινὺς

196 434 334 474 ἔκλυεν
360 431 405 482 ἐξ
431 431 693 483 Ἐρέβεσφιν,
722 431 931 482 ἀμείλιχον
956 428 1050 480 ἦτορ
1076 429 1239 482 ἔχουσα.

195 503 273 539 τῶν
299 501 340 539 δὲ
363 497 452 551 τάχ’
479 497 581 549 ἀμφὶ
606 497 732 538 πύλας
757 497 901 547 ὅμαδος
926 496 988 536 καὶ
1012 498 1155 536 δοῦπος
1180 495 1316 546 ὀρώρει

196 565 354 618 πύργων
379 562 657 615 βαλλομένων·
695 562 764 602 τὸν
789 565 830 603 δὲ
856 563 1049 602 λίσσοντο
1074 560 1258 613 γέροντες

197 633 398 676 Αἰτωλῶν,
428 629 582 680 πέμπον
608 632 648 670 δὲ
675 632 774 669 θεῶν
801 631 931 681 ἱερῆας
956 629 1152 680 ἀρίστους,
1455 640 1519 673 575

197 697 373 748 ἐξελθεῖν
400 696 461 736 καὶ
487 697 640 746 ἀμῦναι,
667 696 941 749 ὑποσχόμενοι
964 694 1066 747 μέγα
1091 697 1228 746 δῶρον·

197 765 341 804 ὁππόθι
367 764 553 803 πιότατον
578 763 714 802 πεδίον
742 764 978 803 Καλυδῶνος
1004 763 1178 813 ἐραννῆς,

198 830 291 870 ἔνθα
315 847 381 880 μιν
406 829 560 881 ἤνωγον
584 828 746 880 τέμενος
773 830 1008 880 περικαλλὲς
1034 827 1196 868 ἑλέσθαι

197 897 547 948 πεντηκοντόγυον,
575 895 618 935 τὸ
644 898 717 946 μὲν
737 896 858 946 ἥμισυ
882 894 1117 940 οἰνοπέδοιο,

197 964 316 1014 ἥμισυ
342 965 382 1003 δὲ
406 962 535 1014 ψιλὴν
561 962 702 1014 ἄροσιν
728 963 878 1002 πεδίοιο
903 960 1110 1011 ταμέσθαι.
1460 965 1522 1003 580

198 1031 330 1070 πολλὰ
356 1028 398 1069 δέ
421 1045 487 1079 μιν
511 1028 692 1069 λιτάνευε
716 1028 842 1080 γέρων
868 1026 1071 1077 ἱππηλάτα
1095 1027 1236 1069 Οἰνεὺς

198 1096 313 1136 οὐδοῦ
338 1096 602 1146 ἐπεμβεβαὼς
627 1094 858 1147 ὑψηρεφέος
883 1093 1089 1145 θαλάμοιο,

199 1163 318 1202 σείων
345 1163 541 1211 κολλητὰς
567 1162 741 1207 σανίδας,
768 1161 1028 1213 γουνούμενος
1054 1161 1150 1200 υἱόν·

199 1230 331 1268 πολλὰ
357 1230 398 1268 δὲ
422 1229 491 1268 τόν
516 1244 561 1279 γε
588 1229 823 1279 κασίγνηται
849 1227 909 1267 καὶ
936 1228 1076 1268 πότνια
1099 1226 1225 1277 μήτηρ

198 1293 445 1335 ἐλλίσσονθ’·
484 1295 504 1333 ὁ
530 1296 570 1334 δὲ
594 1296 751 1344 μᾶλλον
777 1294 969 1333 ἀναίνετο·
1009 1294 1142 1333 πολλὰ
1167 1292 1200 1331 δ’
1227 1294 1384 1344 ἑταῖροι,
1458 1297 1519 1335 585

198 1362 237 1402 οἵ
259 1363 294 1401 οἱ
321 1361 546 1401 κεδνότατοι
572 1361 633 1400 καὶ
661 1361 846 1411 φίλτατοι
870 1358 973 1409 ἦσαν
998 1358 1194 1399 ἁπάντων·

198 1426 288 1467 ἀλλ’
315 1426 392 1466 οὐδ’
417 1427 468 1468 ὦς
492 1429 560 1466 τοῦ
585 1426 706 1476 θυμὸν
734 1427 790 1466 ἐνὶ
817 1425 1038 1475 στήθεσσιν
1062 1425 1233 1470 ἔπειθον,

198 1495 289 1545 πρίν
313 1492 350 1544 γ’
376 1494 440 1533 ὅτε
467 1492 512 1542 δὴ
538 1491 714 1542 θάλαμος
742 1491 828 1532 πύκ’
855 1490 1066 1542 ἐβάλλετο,
1094 1492 1154 1531 τοὶ
1179 1491 1211 1530 δ’
1238 1491 1301 1531 ἐπὶ
1327 1491 1487 1543 πύργων

197 1562 340 1610 βαῖνον
367 1561 563 1610 Κουρῆτες
590 1559 651 1598 καὶ
677 1558 892 1609 ἐνέπρηθον
916 1557 1018 1610 μέγα
1041 1557 1154 1597 ἄστυ.

199 1626 260 1666 καὶ
285 1626 374 1665 τότε
399 1624 443 1675 δὴ
471 1624 708 1677 Μελέαγρον
736 1624 899 1673 ἐΰζωνος
925 1623 1152 1675 παράκοιτις
1458 1636 1520 1667 590

196 1691 353 1732 λίσσετ’
379 1690 604 1742 ὀδυρομένη,
634 1692 700 1731 καί
723 1693 758 1731 οἱ
785 1689 990 1741 κατέλεξεν
1016 1689 1169 1730 ἅπαντα

199 1758 313 1809 κήδε’,
341 1757 402 1797 ὅσ’
428 1758 672 1808 ἀνθρώποισι
698 1757 810 1798 πέλει
833 1761 910 1797 τῶν
933 1757 1033 1797 ἄστυ
1058 1757 1180 1812 ἁλώῃ·

197 1825 339 1876 ἄνδρας
362 1826 435 1875 μὲν
461 1825 669 1869 κτείνουσι,
700 1825 817 1864 πόλιν
843 1822 884 1864 δέ
909 1840 951 1864 τε
977 1827 1051 1875 πῦρ
1077 1823 1276 1874 ἀμαθύνει,

197 1890 314 1931 τέκνα
339 1890 381 1930 δέ
405 1889 438 1929 τ’
463 1890 581 1930 ἄλλοι
605 1890 748 1942 ἄγουσι
772 1890 1023 1941 βαθυζώνους
1047 1906 1089 1930 τε
1113 1893 1310 1942 γυναῖκας.

197 1961 265 1997 τοῦ
289 1956 321 1996 δ’
348 1956 506 2008 ὠρίνετο
533 1956 651 2007 θυμὸς
679 1957 889 1998 ἀκούοντος
916 1958 1011 1996 κακὰ
1037 1956 1144 2008 ἔργα,
1455 1968 1516 1999 595

237 2045 302 2083 569
325 2044 557 2085 Φερσεφόνειαν
574 2044 606 2074 Α
625 2055 669 2076 ss.
695 2044 758 2075 Μ13
768 2045 826 2076 V¹¹
845 2046 901 2085 (cf.
921 2046 1000 2085 457)
1130 2055 1188 2084 571
1216 2048 1384 2088 ἱεροφοῖτις
1400 2058 1431 2080 ν,
1446 2049 1466 2080 l,
1489 2050 1521 2079 in

193 2086 225 2118 A
242 2092 274 2118 et
293 2087 327 2117 in
344 2087 419 2117 lem.
435 2090 496 2131 im
597 2098 660 2127 572
686 2089 878 2129 ’Ἐρέβεσφιν
895 2094 1029 2126 ekmp
1042 2088 1095 2118 Mc
1109 2088 1175 2119 Uff:
1200 2092 1391 2132 ἐρέβευσφιν
1408 2092 1497 2131 vulg.
1513 2104 1520 2125 ε

193 2131 299 2162 Ἀΐδαο
320 2129 365 2159 Ν·1
381 2143 433 2171 γρ.
452 2130 495 2160 V³⁸
625 2133 689 2170 576
714 2133 924 2173 ὑπισχόμενοι
941 2132 1018 2162 hL⁰
1033 2131 1146 2162 U²1V⁴
1165 2132 1218 2163 Et.
1237 2133 1282 2163 M.
1303 2135 1374 2171 783.
1394 2144 1432 2173 51

193 2174 258 2212 580
282 2175 379 2214 ψιλῆς
394 2174 452 2204 Ar.
576 2176 638 2212 582
665 2177 744 2216 οὐδῷ
761 2187 780 2206 e
870 2177 1077 2217 ὑπερβεβαὼς
1093 2179 1158 2215 ch,
1177 2186 1206 2206 v.
1223 2176 1242 2207 l.
1263 2186 1314 2215 ap.
1335 2176 1430 2208 Eust.

193 2217 257 2255 584
284 2217 474 2258 κασίγνητοι
497 2227 525 2246 v.
544 2216 563 2247 l.
585 2224 650 2248 ant.
678 2222 799 2256 aeg-h
820 2218 862 2249 al.
997 2220 1060 2257 588
1084 2219 1192 2259 πύργῳ
1216 2223 1348 2257 bcmp
1371 2230 1401 2251 v.
1418 2221 1438 2252 l.
1463 2230 1517 2260 ap.

194 2260 287 2290 Eust.
309 2260 349 2290 al.
442 2269 506 2299 592
531 2260 616 2297 κήδε’
635 2261 701 2302 ὅο-’]
720 2263 805 2293 ὅσσα
821 2261 890 2294 κάκ’
910 2262 964 2292 cit.
985 2262 1124 2292 Aristot.
1148 2262 1249 2293 Rhet.
1270 2264 1349 2301 1365
1363 2274 1381 2293 a
1401 2273 1439 2302 13

193 2312 256 2341 593
281 2305 352 2375 λὸιέὶ
368 2302 428 2342 μὲν
444 2302 625 2343 φθινύθουσι
644 2305 696 2335 cit.
717 2305 857 2335 Aristot.
879 2305 898 2335 l.
919 2316 940 2335 c.
1053 2315 1115 2344 594
1139 2305 1167 2336 τ’
1185 2305 1297 2346 ἄλλοι]
1315 2306 1395 2343 δήϊοι
1412 2306 1492 2338 Zen.
1512 2319 1518 2338 :

193 2347 280 2383 ἄλλη
363 2355 409 2376 SS.
