1660 2802
648 119 684 154 9.
759 114 1017 152 ῘΛΙΑΔΟΣ
1078 115 1091 150 Ι

210 218 250 259 ὃς
277 217 318 257 δέ
345 216 376 256 κ’
403 216 592 267 ἀνήνηται
619 218 684 257 καί
705 233 746 257 τε
773 220 942 267 στερεῶς
967 217 1150 273 ἀποείπῃ,
1468 232 1532 263 510

209 285 422 324 λίσσονται
448 283 479 323 δ’
505 283 578 335 ἄρα
603 284 670 323 ταί
692 300 737 335 γε
764 284 843 323 Δία
869 284 1072 335 Κρονίωνα
1098 286 1252 324 κιοῦσαι

209 354 260 404 τῷ
281 349 406 400 ’Ἄτην
427 349 490 400 ἅμ’
517 350 696 395 ἕπεσθαι,
725 350 788 389 ἵνα
813 350 1015 402 βλαφθεὶς
1041 350 1247 406 ἀποτείσῃ.

209 416 311 462 ἀλλ’,
339 416 513 469 Ἀχιλεῦ,
541 417 636 468 πόρε
663 416 724 456 καὶ
751 416 800 455 σὺ
828 416 923 457 Διὸς
950 416 1134 472 κούρῃσιν
1160 416 1327 457 ἕπεσθαι

209 482 336 534 τιμήν,
365 483 389 533 ἥ
413 483 444 522 τ’
469 483 604 523 ἄλλων
629 500 700 535 περ
727 482 986 535 ἐπιγνάμπτει
1016 484 1108 523 νόον
1134 482 1303 524 ἐσθλῶν.

210 552 242 590 εἰ
268 552 340 600 μὲν
366 551 439 601 γὰρ
465 549 515 599 μὴ
543 552 647 601 δῶρα
673 548 800 602 φέροι,
827 551 875 589 τὰ
899 549 931 589 δ’
956 549 1088 589 ὄπισθ’
1113 549 1297 600 ὀνομάζοι
1468 563 1530 594 515

209 616 419 667 Ἀτρεΐδης,
447 615 537 656 ἀλλ’
564 617 646 656 αἰὲν
673 615 922 668 ἐπιζαφελῶς
946 617 1196 669 χαλεπαίνοι,

209 684 276 723 οὐκ
301 682 349 722 ἂν
374 682 500 734 ἔγωγέ
526 700 573 722 σε
597 685 713 733 μῆνιν
739 683 1016 734 ἀπορρίψαντα
1041 683 1227 733 κελοίμην

209 749 449 801 Ἀργείοισιν
475 749 711 800 ἀμυνέμεναι
737 749 933 802 χατέουσί
956 766 1027 801 περ
1052 749 1190 799 ἔμπης·

210 819 276 857 νῦν
301 816 334 855 δ’
360 815 439 866 ἅμα
464 815 497 854 τ’
523 815 660 856 αὐτίκα
684 817 817 856 πολλὰ
842 818 954 861 διδοῖ,
981 817 1028 855 τὰ
1054 815 1086 855 δ’
1111 817 1279 856 ὄπισθεν
1303 815 1468 866 ὑπέστη,

209 882 350 934 ἄνδρας
376 884 417 923 δὲ
441 883 661 922 λίσσεσθαι
687 881 945 934 ἐπιπροέηκεν
970 883 1153 934 ἀρίστους
1465 896 1531 926 520

211 949 439 1000 κρινάμενος
465 951 561 989 κατὰ
586 949 685 989 λαὸν
711 949 928 1002 Ἀχαιϊκόν,
957 949 996 988 οἵ
1017 966 1059 989 τε
1086 949 1151 988 σοὶ
1177 948 1279 1004 αὐτῷ

211 1017 398 1068 φίλτατοι
421 1015 630 1068 Ἀργείων·
668 1019 746 1056 τῶν
770 1015 820 1066 μὴ
849 1015 900 1055 σύ
924 1032 970 1067 γε
992 1018 1116 1066 μῦθον
1141 1014 1308 1071 ἐλέγξῃς

208 1085 305 1133 μηδὲ
332 1083 467 1124 πόδας·
505 1083 596 1134 πρὶν
622 1081 654 1121 δ’
680 1083 724 1122 οὔ
748 1099 784 1122 τι
810 1081 1058 1133 νεμεσσητὸν
1084 1085 1348 1136 κεχολῶσθαι.

210 1150 307 1190 οὕτω
335 1149 395 1189 καὶ
420 1153 497 1189 τῶν
523 1150 696 1200 πρόσθεν
723 1148 967 1200 ἐπευθόμεθα
992 1148 1089 1189 κλέα
1113 1149 1264 1201 ἀνδρῶν

209 1216 357 1268 ἡρώων,
383 1216 449 1256 ὅτε
475 1214 541 1256 κέν
565 1215 636 1256 τιν’
662 1214 902 1268 ἐπιζάφελος
927 1216 1050 1269 χόλος
1076 1216 1163 1255 ἵκον
1461 1229 1526 1260 525

210 1283 377 1335 δωρητοί
398 1299 440 1323 τε
465 1281 634 1323 πέλοντο
660 1281 904 1334 παράρρητοί
925 1282 957 1321 τ’
983 1281 1162 1322 ἐπέεσσι.

209 1348 406 1401 μέμνημαι
430 1350 520 1389 τόδε
545 1348 660 1401 ἔργον
686 1348 762 1401 ἐγὼ
788 1348 923 1394 πάλαι,
952 1349 996 1388 οὔ
1020 1366 1056 1388 τι
1082 1348 1172 1389 νέον
1195 1365 1253 1400 γε,

210 1416 260 1458 ὡς
284 1415 344 1466 ἦν·
383 1417 423 1456 ἐν
449 1415 480 1455 δ’
503 1416 594 1466 ὑμῖν
619 1414 713 1467 ἐρέω
740 1415 938 1456 πάντεσσι
963 1416 1133 1467 φίλοισι.

210 1482 405 1535 Κουρῆτές
430 1481 462 1521 τ’
488 1481 684 1535 ἐμάχοντο
711 1482 772 1522 καὶ
799 1481 970 1521 Αἰτωλοὶ
992 1480 1234 1533 μενεχάρμαι

210 1550 313 1602 ἀμφὶ
339 1550 455 1589 πόλιν
482 1551 701 1589 Καλυδῶνα
727 1549 788 1588 καὶ
815 1546 1015 1597 ἀλλήλους
1039 1546 1229 1599 ἐνάριζον,
1466 1559 1531 1590 530

210 1615 382 1656 Αἰτωλοὶ
405 1617 477 1666 μὲν
502 1615 738 1665 ἀμυνόμενοι
765 1617 1001 1654 Καλυδῶνος
1026 1612 1200 1665 ἐραννῆς,

211 1684 404 1734 Κουρῆτες
430 1683 471 1722 δὲ
497 1681 747 1733 διαπραθέειν
771 1683 973 1731 μεμαῶτες
991 1679 1122 1732 ’Ἄρηϊι

211 1748 273 1789 καὶ
297 1750 371 1801 γὰρ
395 1752 500 1788 τοῖσι
526 1748 644 1788 κακὸν
669 1748 938 1801 χρυσόθρονος
956 1746 1141 1798 ’Ἄρτεμις
1166 1744 1282 1798 ὦρσε,

209 1814 421 1869 χωσαμένη
447 1815 468 1854 ὅ
493 1816 528 1855 οἱ
554 1815 597 1854 οὕ
623 1831 659 1854 τι
684 1814 856 1854 θαλύσια
880 1817 1007 1868 γουνῷ
1033 1814 1164 1864 ἀλωῆς

157 1913 161 1917 .
209 1881 350 1924 Οἰνεὺς
373 1881 472 1933 ῥέξ’·
511 1881 629 1921 άλλοι
655 1883 696 1921 δὲ
723 1882 803 1921 θεοὶ
829 1879 999 1921 δαίνυνθ’
1025 1879 1259 1930 ἑκατόμβας,
1465 1890 1528 1922 535

210 1950 270 2004 οἵῃ
297 1948 327 1988 δ’
354 1948 422 1988 οὐκ
447 1947 579 2000 ἔρρεξε
606 1948 702 1990 Διὸς
728 1947 845 2003 κούρῃ
871 1946 1072 1999 μεγάλοιο.

209 2012 231 2065 ἦ
256 2014 388 2055 λάθετ’
413 2011 435 2065 ἢ
462 2015 529 2055 οὐκ
555 2014 733 2065 ἐνόησεν·
772 2013 924 2054 ἀάσατο
950 2015 991 2054 δὲ
1016 2012 1118 2065 μέγα
1143 2012 1259 2067 θυμῷ.

208 2082 231 2132 ἡ
257 2084 298 2123 δὲ
322 2081 587 2136 χολωσαμένη
615 2085 698 2122 δῖον
722 2080 837 2133 γένος
863 2080 1042 2134 ἰοχέαιρα

209 2147 337 2201 ὦρσεν
362 2148 425 2188 ἔπι
450 2148 624 2202 χλούνην
651 2152 724 2189 σῦν
743 2147 880 2200 ἄγριον
905 2146 1151 2199 ἀργιόδοντα,

247 2247 310 2276 512
335 2236 467 2278 ἆποτίνῃ
485 2240 511 2267 h
523 2235 576 2266 [ΑΗ
588 2236 644 2267 Vh*
662 2250 713 2277 γρ.
731 2235 763 2266 Α
970 2246 1033 2276 514
1059 2235 1144 2277 νόον]
1163 2235 1279 2278 φρένας
1299 2238 1352 2266 ch
1364 2233 1452 2273 Ang.
1476 2233 1529 2264 L¹⁴

204 2281 296 2312 Eust.
474 2289 536 2319 535
561 2280 621 2321 ῥέξ’
637 2284 652 2310 i
666 2279 715 2311 Μ5
727 2279 788 2311 Μ11
801 2279 845 2311 R1
863 2279 929 2310 RS:
955 2281 1014 2321 ἔρξ’
1032 2280 1120 2319 vulg.
1140 2291 1147 2310 :
1173 2278 1251 2322 ἔρεξ’
1267 2282 1327 2310 fm
1338 2289 1394 2316 pq
1406 2277 1471 2308 CT
1487 2277 1527 2308 al.

289 2334 352 2364 537
380 2323 525 2356 ἐκλάθετ’
543 2325 606 2355 οὐδ’
624 2323 704 2354 Zen.
808 2333 872 2363 539
897 2323 1008 2365 θρέψεν
1029 2324 1078 2355 ἔπι
1096 2322 1242 2364 χλούνην
1258 2325 1317 2354 σῦν
1333 2322 1442 2362 ἄγριον
1458 2319 1530 2353 οὐδὲ

205 2368 294 2409 ἐῴκει
317 2368 386 2409 θηρί
407 2380 447 2408 γε
473 2366 639 2408 σιτοφάγῳ
664 2368 750 2399 ἀλλὰ
774 2368 829 2409 ῥίῳ
855 2367 986 2405 ὑλήεντι
1010 2365 1115 2397 Arist.
1134 2366 1211 2397 hist.
1239 2376 1292 2397 an.
1319 2365 1382 2404 578
1400 2365 1420 2395 b
1441 2374 1468 2404 1,
1486 2363 1529 2394 cs.

205 2426 213 2444 ι
227 2421 370 2452 Ι9ο-Ι9Ι
