1660 2802
634 124 670 158 8.
744 118 1003 155 ΙΛΙΑΔΟΣ
1051 118 1089 155 Θ

202 221 324 261 τούτω
348 223 420 272 μὲν
447 219 662 273 θεράποντε
688 222 890 271 κομείτων,
915 221 1015 260 τώδε
1041 223 1082 261 δὲ
1108 224 1179 261 νῶϊ

201 287 361 339 Τρωσὶν
387 287 451 340 ἐφ’
479 287 714 339 ἱπποδάμοις
740 287 936 337 ἰθύνομεν,
963 288 1070 339 ὄφρα
1096 288 1158 327 καὶ
1176 285 1335 340 “Ex-rcus)

203 356 351 394 εἴσεται
377 355 409 394 εἰ
436 355 497 394 καὶ
524 354 618 405 ἐμὸν
644 355 735 405 δόρυ
759 355 939 404 μαίνεται
968 355 1010 393 ἐν
1036 353 1307 410 παλάμῃσιν.”

262 419 341 462 ὸΩς
367 420 492 472 ἔφατ’,
517 420 595 460 οὐδ’
621 421 792 470 ἀπίθησε
818 418 1003 471 Γερήνιος
1030 421 1178 460 ἱππότα
1204 419 1384 474 Νέστωρ.

202 486 430 538 Νεστορέας
453 489 525 536 μὲν
551 486 672 526 ἔπειθ’
697 487 841 528 ἵππους
864 485 1083 537 θεράποντε
1109 487 1292 538 κομείτην

202 554 370 603 ἴφθιμοι,
399 552 593 594 Σθένελός
617 570 660 594 τε
686 553 748 593 καὶ
775 552 1008 604 Εὐρυμέδων
1034 552 1261 606 ἀγαπήνωρ.

201 619 254 658 τὼ
280 619 311 658 δ’
338 620 393 661 εἷς
417 618 628 671 ἀμφοτέρω
656 618 876 670 Διομήδεος
900 618 1053 670 ἅρματα
1076 618 1219 670 βήτην·

201 684 370 737 Νέστωρ
395 685 427 724 δ’
454 687 496 725 ἐν
521 688 705 739 χείρεσσι
729 684 826 736 λάβ’
852 685 942 735 ἡνία
967 687 1223 738 σιγαλόεντα,

200 750 391 802 μάστιξεν
417 751 448 791 δ’
474 753 629 793 ἵππους·
667 751 771 805 τάχα
795 751 827 791 δ’
845 750 1040 803 ‘'Exropos
1063 752 1160 806 ἄγχι
1183 751 1363 805 γένοντο.

200 822 268 858 τοῦ
293 818 324 858 δ’
352 818 434 860 ἰθὺς
458 822 662 869 μεμαῶτος
687 819 873 858 ἀκόντισε
895 818 1044 860 Τυδέος
1068 819 1163 860 υἱός·

202 885 263 924 καὶ
288 888 356 924 τοῦ
379 884 450 936 μέν
474 884 512 937 ῥ’
538 884 782 937 ἀφάμαρτεν,
810 886 830 924 ὁ
855 884 887 925 δ’
912 885 1076 939 ἡνίοχον
1102 884 1337 938 θεράποντα,

200 950 283 991 υἱὸν
307 951 529 1003 ὑπερθύμου
554 953 740 1002 Θηβαίου
764 951 975 1002 Ἠνιοπῆα,

201 1018 331 1057 ἵππων
356 1017 435 1067 ἡνί’
461 1018 606 1071 ἔχοντα
630 1017 737 1069 βάλε
761 1021 909 1068 στῆθος
933 1020 1038 1070 παρὰ
1060 1019 1196 1069 μαζόν.

200 1082 314 1134 ἤριπε
339 1083 371 1123 δ’
397 1083 443 1135 ἐξ
464 1084 603 1137 ὀχέων,
631 1085 866 1136 ὑπερώησαν
890 1084 934 1125 δέ
958 1087 994 1125 οἱ
1019 1086 1133 1125 ἵπποι

201 1149 409 1191 ὠκύποδες·
446 1154 515 1190 τοῦ
539 1150 571 1190 δ’
597 1151 685 1191 αὖθι
708 1152 807 1201 λύθη
832 1150 944 1204 ψυχή
970 1168 1013 1192 τε
1035 1151 1153 1201 μένος
1177 1168 1232 1192 τε.

192 1214 368 1268 εἘκτορα
393 1216 425 1256 δ’
445 1216 554 1257 αἰνὸν
578 1216 676 1271 ἄχος
701 1217 854 1257 πύκασε
880 1216 1026 1269 φρένας
1049 1217 1241 1270 ἡνιόχοιο·

199 1282 267 1323 τὸν
290 1285 364 1334 μὲν
389 1283 508 1323 ἔπειτ’
535 1284 657 1329 εἴασε,
686 1284 748 1324 καὶ
774 1284 992 1336 ἀχνύμενός
1018 1301 1089 1336 περ
1116 1285 1283 1336 ἑταίρου,

201 1351 366 1395 κεῖσθαι,
390 1350 410 1389 ὁ
435 1349 467 1389 δ’
492 1349 655 1403 ἡνίοχον
679 1349 825 1400 μέθεπε
849 1350 1012 1401 θρασύν·
1051 1349 1129 1390 οὐδ’
1155 1349 1213 1401 ἄρ’
1241 1350 1298 1391 ἔτι
1324 1349 1396 1401 δὴν

199 1417 305 1455 ἵππω
331 1415 522 1466 δευέσθην
548 1415 807 1468 σημάντορος·
846 1415 950 1468 αἶψα
974 1417 1049 1468 γὰρ
1074 1416 1184 1468 εὗρεν

198 1481 392 1534 Ἰφιτίδην
416 1482 739 1536 Ἀρχεπτόλεμον
765 1482 926 1535 θρασύν,
953 1483 998 1522 ὅν
1023 1483 1072 1534 ῥα
1095 1482 1177 1523 τόθ’
1203 1485 1334 1524 ἵππων

199 1548 409 1589 ὠκυπόδων
435 1548 626 1599 ἐπέβησε,
654 1550 761 1589 δίδου
785 1548 827 1589 δέ
853 1550 888 1589 οἳ
911 1549 1002 1599 ἡνία
1026 1550 1179 1602 χερσίν.

258 1614 385 1656 ’Ένθα
411 1632 452 1656 κε
476 1615 611 1668 λοιγὸς
636 1615 704 1665 ἔην
731 1615 791 1655 καὶ
817 1614 1001 1669 ἀμήχανα
1026 1615 1122 1668 ἔργα
1146 1615 1324 1668 γένοντο,

199 1683 265 1722 καί
284 1682 331 1722 νύ
356 1699 396 1722 κε
423 1680 624 1731 σήκασθεν
651 1683 748 1722 κατὰ
765 1681 893 1722 Ἴλιον
917 1681 1011 1731 ἠΰτε
1035 1682 1161 1734 ἄρνες,

197 1749 230 1787 εἰ
253 1747 305 1798 μὴ
330 1747 388 1799 ἄρ’
414 1748 481 1799 ὀξὺ
508 1749 628 1798 νόησε
652 1748 778 1800 πατὴρ
804 1749 955 1800 ἀνδρῶν
979 1765 1022 1789 τε
1047 1750 1148 1788 θεῶν
1171 1765 1227 1788 τε·

195 1813 423 1865 βροντήσας
447 1814 480 1854 δ’
505 1814 580 1865 ἄρα
604 1814 732 1855 δεινὸν
757 1814 876 1867 ἀφῆκ’
902 1815 1052 1867 ἀργῆτα
1079 1815 1276 1866 κεραυνόν,

197 1881 265 1919 κὰδ
291 1883 332 1920 δὲ
359 1880 500 1931 πρόσθ’
525 1882 655 1922 ἵππων
681 1880 901 1932 Διομήδεος
924 1879 994 1931 ἧκε
1018 1881 1183 1934 χαμᾶζε·

195 1946 300 1996 δεινὴ
326 1949 367 1987 δὲ
392 1946 502 1999 φλὸξ
523 1945 623 1999 ὦρτο
648 1948 774 1988 θεείου
799 1946 1034 1998 καιομένοιο,

194 2013 247 2052 τὼ
273 2012 304 2053 δ’
329 2014 434 2054 ἵππω
460 2015 642 2054 δείσαντε
667 2013 917 2064 καταπτήτην
940 2013 1004 2055 ὑπ’
1029 2015 1193 2067 ὄχεσφι·

236 2115 296 2144 109
320 2104 476 2143 κομείτων
497 2103 553 2134 ΛΓ.
579 2104 688 2143 vulga
724 2105 877 2144 κομείτην
899 2105 980 2136 Zen.
1004 2104 1214 2153 dfiopr
1238 2116 1280 2136 SS.
1305 2106 1371 2137 BC
1393 2107 1436 2139 al.

1464 304 1527 326 110

1461 635 1523 665 115

1464 967 1524 990 120

1458 1297 1519 1328 125

193 2159 253 2178 110
277 2147 501 2187 ἱπποδάμοισιν
516 2147 625 2178 Draco
643 2149 683 2178 de
703 2154 800 2179 metr.
820 2158 872 2187 52.
895 2158 922 2186 7,
941 2153 964 2179 b
976 2152 1121 2185 cegho
1137 2148 1180 2180 al.
1318 2160 1374 2181 111
1401 2152 1420 2189 ἢ
1438 2151 1524 2182 de

189 2191 216 2222 Β
228 2191 256 2221 Τ
273 2191 314 2223 al.
438 2200 497 2228 114
521 2193 646 2231 ἴφθιμος
662 2196 685 2222 b
698 2202 735 2222 m
745 2203 768 2228 p
779 2191 809 2221 A
823 2192 852 2221 D
866 2191 911 2221 N*
922 2190 980 2221 vm
1105 2201 1117 2222 1
1127 2193 1166 2222 16
1189 2193 1392 2232 φοινικόεντα
1407 2198 1429 2225 b
1439 2199 1523 2231 ghi

188 2234 219 2264 A
231 2234 272 2266 al.
369 2243 428 2273 123
452 2244 517 2264 om.
531 2245 550 2264 e
560 2238 607 2264 fh
619 2245 638 2264 o
650 2234 676 2264 B
784 2236 844 2265 128
865 2234 1140 2276 Ἐρασιπτόλεμον
1153 2235 1234 2267 Zen.
1327 2241 1403 2277 post
1419 2247 1522 2277 131—

362 2281 462 2319 Τρῶες
478 2277 528 2308 ὑπ’
546 2276 710 2319 Ἀργείων,
731 2278 842 2310 ἔλιπον
860 2278 897 2310 δέ
912 2291 966 2310 κεν
977 2277 1116 2319 Ἕκτορα
1132 2281 1199 2311 δῖον

363 2324 477 2362 χαλκῷ
497 2320 663 2360 δηιόωντα,
687 2321 832 2360 δάμασσε
851 2321 888 2354 δέ
901 2335 956 2361 μιν
973 2323 1133 2361 Διομήδης

192 2364 267 2396 add.
288 2364 422 2404 quidam
440 2369 508 2396 ant.
527 2363 577 2403 (ἔν
594 2376 660 2395 τισι
679 2367 742 2396 τῶν
758 2368 902 2397 παλαιῶν
920 2364 1025 2396 schol.
1043 2365 1088 2405 T)
