1629 2828
540 540 791 589 ΙΛΙΑΔΟΣ
850 545 890 586 Α

505 728 572 769 Ao
579 722 682 784 ιμός
765 723 921 784 Μῆνις

54 845 184 894 Μῆνιν
207 842 323 889 ἄειδε,
352 842 433 889 θεά,
460 843 697 894 Πηληϊάδεω
721 843 912 897 Ἀχιλῆος

53 909 281 960 οὐλομένην,
307 908 330 959 ἢ
355 909 462 961 μυρί’
489 908 666 962 Ἀχαιοῖς
691 909 802 962 ἄλγε’
828 911 953 960 ἔθηκε,

52 976 206 1017 πολλὰς
231 975 262 1016 δ’
290 976 472 1028 ἰφθίμους
496 977 632 1028 ψυχὰς
650 975 757 1016 ’Ἄϊδι
781 975 978 1028 προΐαψεν

51 1041 198 1094 ἡρώων,
226 1041 364 1083 αὐτοὺς
389 1043 430 1082 δὲ
457 1042 599 1094 ἑλώρια
623 1045 739 1095 τεῦχε
765 1042 951 1082 κύνεσσιν

52 1109 230 1148 οἰωνοῖσί
251 1125 294 1148 τε
320 1110 431 1153 πᾶσι,
461 1107 558 1150 Διὸς
583 1107 616 1148 δ’
642 1109 834 1149 ἐτελείετο
858 1106 1000 1159 βουλή,
1362 1121 1379 1152 5

52 1173 97 1224 ἐξ
118 1174 162 1214 οὗ
187 1173 232 1224 δὴ
257 1175 305 1213 τὰ
331 1177 465 1225 πρῶτα
491 1173 704 1225 διαστήτην
730 1175 911 1226 ἐρίσαντε

51 1239 251 1292 Ἀτρεΐδης
275 1257 317 1281 τε
344 1239 447 1291 ἄναξ
468 1241 617 1292 ἀνδρῶν
643 1241 705 1281 καὶ
729 1243 810 1282 δῖος
834 1240 1059 1293 Ἀχιλλεύς.

115 1308 187 1348 Τίς
211 1305 244 1346 τ’
270 1305 317 1358 ἄρ
344 1312 458 1358 σφωε
484 1310 582 1348 θεῶν
607 1307 703 1358 ἔριδι
727 1305 886 1357 ξυνέηκε
910 1306 1129 1359 μάχεσθαι;

51 1376 200 1424 Λητοῦς
228 1373 289 1414 καὶ
316 1372 412 1415 Διὸς
437 1373 532 1415 υἱός·
571 1374 591 1412 ὁ
616 1375 692 1425 γὰρ
715 1375 888 1424 βασιλῆϊ
910 1373 1105 1426 χολωθεὶς

50 1443 192 1481 νοῦσον
218 1440 292 1480 ἀνὰ
317 1438 486 1491 στρατὸν
511 1438 616 1491 ὦρσε
641 1439 773 1490 κακήν,
800 1439 986 1480 ὀλέκοντο
1011 1441 1051 1480 δὲ
1077 1440 1180 1484 λαοί,
1338 1452 1376 1474 10

50 1507 187 1547 οὕνεκα
211 1505 279 1547 τὸν
303 1506 465 1557 Χρύσην
488 1506 680 1557 ἠτίμασεν
705 1507 878 1558 ἀρητῆρα

51 1571 264 1625 Ἀτρεΐδης·
304 1573 324 1612 ὁ
351 1574 426 1624 γὰρ
451 1571 548 1622 ἦλθε
574 1574 666 1614 θοᾶς
691 1573 754 1613 ε’πὶ
779 1575 873 1622 νῆας
897 1571 1071 1625 Ἀχαιῶν

50 1639 267 1690 λυσόμενός
291 1656 335 1680 τε
362 1639 536 1691 θύγατρα
560 1638 691 1691 φέρων
715 1638 749 1678 τ’
775 1638 966 1690 ἀπερείσι’
991 1637 1144 1683 ἄποινα,

51 1705 240 1757 στέμματ’
266 1706 370 1758 ἔχων
397 1707 438 1746 ἐν
461 1706 602 1758 χερσὶν
628 1705 823 1756 ἑκηβόλου
848 1704 1102 1746 ’Λπόλλωνος

49 1772 204 1826 χρυσέῳ
231 1773 305 1812 ἀνὰ
330 1771 527 1826 σκήπτρῳ,
556 1773 618 1812 καὶ
641 1772 809 1812 λίσσετο
834 1770 982 1812 πάντας
1006 1770 1203 1823 Ἀχαιούς,
1336 1784 1372 1814 15

51 1837 229 1890 Ἀτρεΐδα
253 1840 295 1879 δὲ
318 1837 495 1888 μάλιστα
521 1839 609 1883 δύω,
638 1836 856 1889 κοσμήτορε
881 1840 1002 1877 λαῶν·

98 1936 111 1956 1
136 1927 264 1960 Μούσας
281 1929 373 1960 ἀείδω
391 1929 442 1960 καὶ
458 1928 650 1960 Ἀπόλλωνα
667 1927 863 1969 κλυτότοξον
880 1928 931 1959 ed.
951 1928 1170 1968 Apelliconis.

53 1979 112 2007 pro
127 1980 179 2000 vv.
203 1980 262 2009 1-9
278 1971 340 2002 hos
356 1976 426 2001 tres
442 1981 605 2002 versus-

136 2013 252 2045 ἔσπετε
269 2015 324 2046 νῦν
338 2027 401 2053 μοι,
420 2016 547 2053 μοῦσαι,
567 2013 729 2054 Ὀλύμπια
745 2013 862 2054 δώματ’
880 2015 950 2055 ἔχοι
961 2027 1025 2052 σαι,

135 2057 241 2088 ὅππως
257 2058 296 2095 δὴ
311 2057 403 2096 μῆνίς
419 2070 457 2089 τε
472 2057 574 2098 χόλος
593 2058 618 2088 θ’
641 2058 696 2089 ἕλε
714 2058 883 2095 Πηλείωνα

133 2100 257 2137 Λητοῦς
272 2102 300 2131 τ’
318 2100 442 2140 ἀγλαὸν
458 2100 537 2132 υἱόν·
563 2103 579 2132 ὁ
595 2102 657 2141 ’γὰρ
675 2103 814 2139 βασιλῆϊ
827 2101 984 2141 χολωθεὶς

50 2140 180 2180 quidam
196 2147 282 2173 teste
294 2142 446 2174 Aristox.
611 2153 630 2182 3
654 2142 775 2183 ψυχὰς]
794 2145 937 2184 κεφαλὰς
954 2142 1065 2182 Apoll.
1087 2143 1198 2174 Rhod.
1219 2142 1258 2173 cs.
1278 2148 1303 2175 Λ
1319 2152 1371 2182 55.

52 2182 190 2216 Hesiod.
210 2184 291 2225 Pap.
311 2185 402 2217 Berl.
426 2187 530 2225 10560
547 2197 576 2217 v.
596 2187 639 2217 80
751 2195 814 2224 4—5
838 2186 906 2216 ath.
926 2186 1005 2217 Zen.
1123 2196 1142 2225 5
1166 2185 1261 2227 πᾶσι]
1281 2189 1374 2218 δαῖτα

51 2226 132 2258 Zen.
148 2233 235 2259 teste
251 2228 330 2260 Ath.
350 2239 381 2268 p.
404 2230 468 2259 12f
554 2232 658 2272 βουλῇ
677 2229 749 2260 Nic.
771 2229 875 2268 (teste
893 2229 1004 2268 Eust.)
1144 2231 1165 2260 8
1189 2233 1276 2270 σφῶΐ
1289 2229 1371 2260 zen.

52 2269 197 2309 Selene„
214 2271 313 2303 Dion.
329 2271 399 2304 Sid.
510 2283 521 2302 1
532 2283 543 2302 1
571 2274 729 2312 ἠτίμασεν
745 2271 786 2319 12¹
800 2272 830 2302 A
843 2272 869 2302 Β
884 2271 939 2302 Lh3
950 2272 1008 2303 V²⁶
1024 2284 1030 2303 ε
1053 2271 1195 2312 ἠτίμησ’,
1215 2273 1373 2312 ἠτίμησεν

51 2313 135 2353 vulg·
256 2324 292 2353 15
317 2316 454 2348 λίσσετο
471 2315 530 2348 Ar.
549 2316 580 2346 A
592 2316 640 2346 T:
668 2316 820 2348 ἐλίσσετο
839 2314 928 2354 vulg.
1050 2318 1088 2346 16
1112 2315 1274 2358 Ἀτρείδας
1291 2314 1369 2346 Zen.

53 2358 144 2397 (um),
167 2356 221 2388 L¹5
234 2357 298 2388 Mn

135 2420 220 2444 HOM.
241 2421 285 2445 11..
1225 2416 1239 2444 l
