1624 2802
562 143 596 176 5.
672 139 931 176 ΙᾹῘΑΔΟΣ
982 140 1011 176 Ε

123 243 268 293 νόσφιν
294 240 369 282 ἀπὸ
395 241 611 292 φλοίσβου,
641 240 686 291 ἐξ
708 241 871 294 ἄντυγος
895 243 984 292 ἡνία
1010 245 1147 291 τείνας,

124 309 279 348 Αἰνείαο
304 306 336 347 δ’
363 306 525 357 ἐπαΐξας
553 308 810 360 καλλίτριχας
834 309 974 351 ἵππους

122 372 289 424 ἐξέλασε
312 374 458 425 Τρώων
483 373 565 424 μετ’
592 372 820 424 ἐϋκνήμιδας
844 373 1043 427 Ἀχαιούς.

122 444 218 481 δῶκε
243 441 284 480 δὲ
311 440 513 494 Δηϊπύλῳ,
542 439 666 494 ἑτάρῳ
694 441 813 494 φίλῳ,
843 439 887 480 ὃν
912 441 999 493 περὶ
1025 441 1155 493 πάσης
1382 457 1441 488 325

121 510 201 547 τῖεν
227 507 443 557 ὁμηλικίης,
472 506 531 546 ὅτι
556 508 591 546 οἱ
620 506 766 558 φρεσὶν
792 506 904 558 ἄρτια
927 506 1008 563 ᾔδη,

1137 574 1145 588 3

121 573 258 623 νηυσὶν
284 573 347 613 ἔπι
371 578 625 629 γλαφυρῇσιν
653 572 879 623 ἐλαυνέμεν·
919 573 1038 625 αὐτὰρ
1063 575 1085 614 ὅ
1109 592 1134 627 γ
1173 576 1275 627 ἥρως

120 640 173 680 ὧν
198 640 327 680 ἵππων
353 640 496 689 ἐπιβὰς
521 639 639 690 ἔλαβ’
667 639 757 689 ἡνία
782 641 1035 691 σιγαλόεντα,

121 706 222 758 αἶψα
246 708 287 746 δὲ
310 705 500 756 Τυδεΐδην
524 705 670 757 μέθεπε
696 707 990 759 κρατερώνυχας
1015 709 1155 750 ἵππους

121 773 336 823 ἐμμεμαώς·
375 773 395 811 ὁ
420 774 460 812 δὲ
488 773 638 824 Κύπριν
665 770 838 827 ἐπῴχετο
865 773 978 822 νηλέϊ
1001 779 1151 829 χαλκῷ,
1382 789 1443 819 330

120 839 351 891 γιγνώσκων
376 839 399 878 ὅ
422 838 454 879 τ’
482 838 643 881 ἄναλκις
669 839 736 889 ἔην
762 840 861 886 θεός,
888 839 975 880 οὐδὲ
1001 840 1129 881 θεάων

120 905 221 946 τάων
247 907 290 946 αἵ
310 905 341 945 τ’
367 907 516 957 ἀνδρῶν
542 906 718 956 πόλεμον
745 905 841 946 κάτα
865 905 1150 957 κοιρανέουσιν,

120 971 198 1012 οὔτ’
226 971 284 1024 ἄρ’
310 972 498 1022 Ἀθηναίη
526 972 613 1012 οὔτε
639 973 905 1024 πτολίπορθος
931 972 1070 1013 Ἐνυώ.

121 1038 210 1078 ἀλλ’
234 1039 299 1078 ὅτε
324 1037 368 1088 δή
393 1038 431 1090 ῥ’
459 1040 615 1091 ἐκίχανε
641 1039 767 1079 πολὺν
795 1038 876 1077 καθ’
903 1039 1042 1089 ὅμιλον
1067 1039 1234 1090 ὀπάζων,

121 1104 197 1145 ἕνθ’
224 1103 510 1157 ἐπορεξάμενος
533 1105 760 1156 μεγαθύμου
785 1104 929 1146 Τυδέος
954 1105 1034 1147 υἱὸς
1382 1120 1440 1150 335

121 1170 240 1223 ἄκρην
265 1172 409 1211 οὔτασε
433 1174 547 1223 χεῖρα
571 1170 813 1221 μετάλμενος
837 1169 919 1220 ὀξέϊ
943 1172 1049 1223 δουρὶ

121 1236 343 1290 ἀβληχρήν·
381 1238 488 1289 εἶθαρ
515 1240 555 1278 δὲ
581 1238 671 1288 δόρυ
696 1237 813 1290 χροὸς
838 1237 1100 1290 ἀντετόρησεν

122 1305 343 1356 ἀμβροσίου
369 1305 430 1344 διὰ
455 1303 620 1349 πέπλου,
647 1304 693 1344 ὅν
718 1306 753 1344 οἱ
779 1303 947 1355 Χάριτες
974 1303 1096 1355 κάμον
1121 1304 1244 1351 αὐταί,

121 1370 291 1423 πρυμνὸν
315 1371 411 1421 ὕπερ
438 1369 612 1422 θέναρος·
649 1369 713 1421 ῥέε
738 1369 770 1409 δ’
797 1369 1000 1421 ἄμβροτον
1025 1372 1119 1421 αἷμα
1145 1373 1260 1417 θεοῖο,

123 1437 232 1489 ἰχώρ,
259 1437 339 1478 οἷός
363 1436 435 1488 πέρ
461 1454 504 1476 τε
527 1436 606 1487 ῥέει
631 1436 857 1488 μακάρεσσι
882 1439 1046 1476 θεοῖσιν·
1381 1451 1442 1480 340

122 1502 165 1542 οὐ
189 1504 263 1554 γὰρ
288 1506 399 1543 σῖτον
424 1502 569 1549 ἕδουσ’,
598 1502 641 1542 οὐ
668 1502 823 1542 πίνουσ’
850 1504 994 1542 αἴθοπα
1018 1503 1137 1549 οἶνον,

121 1569 267 1609 τοῦνεκ’
293 1569 501 1619 ἀναίμονές
526 1570 606 1609 εἰσι
632 1570 694 1609 καὶ
720 1568 908 1609 ἀθάνατοι
935 1568 1154 1609 καλέονται.

121 1635 143 1685 ἡ
169 1637 210 1675 δὲ
234 1635 335 1687 μέγα
362 1635 533 1688 ἰάχουσα
558 1635 635 1675 ἀπὸ
661 1635 701 1675 ἕο
729 1634 938 1685 κάββαλεν
963 1636 1058 1675 υἱόν·

122 1701 184 1741 καὶ
207 1701 275 1741 τὸν
299 1703 370 1752 μὲν
395 1703 492 1752 μετὰ
518 1702 658 1754 χερσὶν
686 1702 853 1752 ἐρύσατο
879 1704 1031 1751 Φοῖβος
1056 1700 1270 1742 Ἀπόλλων

124 1767 261 1823 κυανέῃ
289 1768 452 1823 νεφέλῃ,
478 1767 531 1818 μή
556 1785 614 1809 τις
642 1770 809 1807 Δαναῶν
833 1768 1080 1820 ταχυπώλων
1380 1780 1440 1811 345

121 1833 272 1886 χαλκὸν
299 1835 355 1875 ἐνὶ
382 1833 583 1884 στήθεσσι
605 1835 746 1884 βαλὼν
772 1835 813 1873 ἐκ
839 1833 959 1883 θυμὸν
985 1834 1128 1874 ἕλοιτο·

123 1905 168 1956 τῇ
192 1900 223 1939 δ’
248 1902 312 1941 ἐπὶ
336 1900 484 1952 μακρὸν
510 1899 607 1940 ἄϋσε
631 1899 735 1950 βοὴν
761 1900 906 1951 ἀγαθὸς
932 1899 1145 1950 Διομήδης·

126 1968 148 1982 “
166 1967 255 2013 εἶκε,
285 1967 381 2009 Διὸς
406 1967 586 2018 θύγατερ,
613 1965 788 2017 πολέμου
814 1966 875 2005 καὶ
901 1968 1115 2016 δηϊοτῆτος·

124 2032 146 2082 ἦ
170 2032 242 2085 οὐχ
267 2033 355 2075 ἅλις
380 2034 463 2072 ὅττι
488 2036 672 2084 γυναῖκας
698 2032 910 2074 ἀνάλκιδας
935 2032 1207 2083 ἠπεροπεύεις;

124 2099 156 2138 εἶ
181 2100 222 2138 δὲ
248 2098 300 2138 σύ
323 2098 358 2150 γ’
385 2101 423 2141 ἐς
448 2100 624 2149 πόλεμον
650 2098 867 2148 πωλήσεαι,
896 2097 919 2148 ἦ
943 2098 986 2138 τέ
1012 2098 1049 2136 σ’
1075 2098 1142 2137 ὀΐω
1382 2110 1443 2140 350

121 2163 299 2215 ῥιγήσειν
325 2166 499 2215 πόλεμόν
524 2182 568 2216 γε
594 2165 656 2204 καὶ
682 2167 718 2205 εἴ
739 2165 778 2216 χ’
805 2164 964 2216 ἑτέρωθι
988 2163 1170 2213 πύθηαι.”

182 2228 261 2271 ὁΩς
286 2230 413 2282 ἔφαθ’,
440 2231 461 2281 ἡ
488 2230 519 2270 δ’
545 2230 707 2271 ἀλύουσ’
733 2229 975 2281 ἀπεβήσετο,
1003 2231 1152 2281 τείρετο
1179 2228 1210 2268 δ’
1237 2229 1366 2270 αἰνῶς·

167 2329 230 2359 323
254 2320 383 2352 Αἶνεῖωο
400 2320 482 2353 Zen.
586 2303 651 2360 325}
674 2320 929 2363 κρατερωνύχεσ’
945 2321 1052 2352 ἵπποις
1069 2320 1149 2351 Zen.
1254 2322 1319 2359 336
1342 2321 1442 2362 δουρὶ]

125 2367 237 2439 ἔςαῖκιξ
246 2366 320 2437 bag}
330 2374 353 2401 p
364 2363 406 2395 al.
499 2373 559 2404 337
587 2363 676 2405 δόρυ]
689 2366 738 2397 διὰ
748 2368 773 2395 h
862 2365 926 2403 346
950 2363 1061 2402 ἕληται
1075 2374 1097 2395 a
1108 2367 1122 2394 i
1135 2363 1160 2394 C
1175 2363 1217 2394 al.
1306 2374 1370 2403 350
1394 2366 1443 2395 καὶ

1278 2450 1315 2483 7*
