1660 2802
673 640 926 689 ΙΛΙΑΔΟΣ
985 645 1027 689 Λ

538 822 891 886 Ἀγαμέμνονος
929 824 1153 888 ἀριστεία
1603 885 1606 888 ⁴
1626 825 1658 888 ἦ

183 944 290 986 Ἠὼς
315 944 347 985 δ’
373 946 414 985 ἐκ
439 944 594 998 λεχέων
619 945 709 997 παρ’
737 947 883 998 ἀγαυοῦ
907 949 1100 988 Τιθωνοῖο
1624 926 1644 979 ι

182 1011 331 1063 ὤρνυθ’,
359 1011 408 1051 ἵν’
434 1010 668 1052 ἀθανάτοιο-ι
695 1012 803 1064 φόως
830 1012 944 1065 φέροι
970 1013 1039 1063 ἠδὲ
1063 1017 1261 1066 βροτοῖσι·
1632 1067 1637 1074 Ι

182 1078 280 1119 Ζεὺς
305 1077 336 1117 δ’
358 1076 498 1129 ’Έριδα
523 1078 716 1130 προΐαλλε
742 1081 834 1121 θοὰς
860 1081 924 1120 ἐπὶ
949 1082 1044 1130 νῆας
1070 1079 1242 1134 Ἀχαιῶν
1634 1103 1641 1121 ι

182 1143 394 1196 ἀργαλέην,
421 1144 613 1195 πολέμοιο
638 1144 752 1197 τέρας
775 1147 874 1196 μετὰ
898 1147 1039 1198 χερσὶν
1065 1147 1251 1200 ἔχουσαν.

182 1213 255 1261 στῆ
283 1210 314 1250 δ’
341 1210 400 1251 ἐπ’
428 1210 652 1261 Ὀδυσσῆος
677 1211 889 1264 μεγακήτεϊ
913 1213 979 1263 νηὶ·
999 1214 1181 1269 μελαίνῃ,
1488 1229 1505 1259 5

181 1278 205 1327 ἥ
228 1277 267 1329 ῤ’
295 1279 337 1318 ἐν
361 1277 550 1331 μεσσάτῳ
578 1277 670 1318 ἔσκε
694 1278 920 1330 γεγωνέμεν
945 1279 1221 1331 ἀμφοτέρωσε,

179 1343 277 1395 ἠμὲν
303 1343 363 1384 ἐπ’
389 1345 556 1385 Αἴαντος
583 1345 739 1386 κλισίας
763 1345 1074 1396 Τελαμωνιάδαο

179 1410 239 1460 ἠδ’
266 1410 325 1451 ἐπ’
352 1410 581 1463 Ἀχιλλῆος,
609 1411 672 1450 τοί
693 1411 731 1462 ῥ’
758 1411 911 1464 ἔσχατα
936 1414 1030 1462 νῆας
1057 1412 1168 1455 ἐΐσας

181 1479 352 1529 εἴρυσαν,
379 1476 521 1532 ἠνορέῃ
548 1477 709 1518 πίσυνοι
736 1479 798 1518 καὶ
825 1477 957 1529 κάρτεϊ
979 1483 1136 1531 χειρῶν.

180 1544 274 1584 ἔνθα
299 1543 415 1583 στάσ’
442 1543 539 1593 ἤϋσε
565 1546 633 1583 θεὰ
657 1543 759 1596 μέγα
784 1561 825 1585 τε
851 1545 979 1585 δεινόν
1004 1562 1046 1585 τε
1466 1560 1505 1583 10

180 1610 287 1662 ὄρθι’,
316 1610 541 1663 Ἀχαιοῖσιν
567 1613 608 1650 δὲ
632 1610 734 1662 μέγα
761 1610 902 1653 σθένος
928 1611 1073 1662 ἔμβαλ’
1100 1611 1252 1668 ἑκάστῳ

181 1677 328 1732 καρδίῃ,
355 1676 554 1726 ἄλληκτον
581 1678 806 1728 πολεμίζειν
831 1677 899 1728 ἠδὲ
924 1677 1138 1731 μάχεσθαι.

179 1746 283 1783 τοῖσι
308 1743 339 1782 δ’
365 1743 473 1795 ἄφαρ
500 1744 672 1794 πόλεμος
696 1745 870 1796 γλυκίων
894 1744 1020 1797 γένετ’
1046 1745 1091 1795 ἠὲ
1116 1744 1276 1786 νέεσθαι

179 1811 221 1850 ἐν
245 1810 360 1860 νηυσὶ
386 1810 616 1865 γλαφυρῇσι
642 1811 766 1862 φίλην
794 1813 833 1853 ἐς
859 1812 1024 1863 πατρίδα
1048 1815 1178 1864 γαῖαν.
1638 1837 1645 1874 ,Γ

245 1876 445 1928 Ἀτρεΐδης
471 1875 503 1916 δ’
529 1878 704 1927 ἐβόησεν
731 1879 788 1918 ἰδὲ
815 1878 1031 1928 ζώννυσθαι
1055 1878 1207 1931 ἄνωγεν
1463 1892 1501 1923 15

179 1942 392 1995 Ἀργείους·
432 1945 473 1983 ἐν
499 1942 531 1982 δ’
559 1943 673 1985 αὐτὸς
701 1944 860 1985 ἐδύσετο
887 1945 1044 1997 νώροπα
1068 1945 1235 1998 χαλκόν.

179 2013 363 2060 κνημῖδας
388 2012 457 2060 μὲν
484 2014 616 2061 πρῶτα
641 2012 729 2062 περὶ
755 2010 949 2067 κνήμῃσιν
975 2011 1088 2062 ἔθηκε

179 2076 314 2122 καλάς,
341 2075 592 2129 ἀργυρέοισιν
619 2078 870 2130 ἐπισφυρίοις
896 2078 1093 2130 ἀραρυίας·

177 2144 357 2195 δεύτερον
383 2143 429 2184 αὖ
455 2144 609 2194 θώρηκα
634 2145 722 2195 περὶ
749 2143 969 2194 στήθεσσιν
994 2145 1116 2191 ἔδυνε,

176 2210 244 2250 τόν
268 2209 366 2251 ποτέ
390 2212 425 2251 οἱ
453 2211 620 2262 Κινύρης
646 2213 743 2251 δῶκε
768 2210 938 2262 ξεινήϊον
964 2210 1076 2252 εἶναι.
1457 2224 1500 2247 20

177 2276 342 2318 πεύθετο
367 2278 441 2329 γὰρ
468 2276 669 2328 Κύπρονδε
694 2277 795 2330 μέγα
822 2278 947 2324 κλέος,
976 2277 1099 2318 οὕνεκ’
1125 2277 1282 2331 Ἀχαιοὶ

200 2378 302 2408 13-14
320 2379 385 2401 om.
399 2369 496 2409 Zeu„
509 2370 575 2402 ath.
591 2370 766 2410 Aristoph.
783 2370 841 2402 Ar.
859 2371 908 2409 (2
928 2376 951 2403 Β
965 2371 1129 2410 453—454)
1206 2370 1245 2399 16
1268 2371 1382 2408 χαλκῶ
1393 2376 1418 2405 g
1431 2377 1476 2398 ss.
