1660 2802
647 112 681 145 9.
758 107 1013 144 ΙᾹΙΑΔΟΣ
1063 108 1077 143 Ι

204 215 272 252 νῶι
298 210 342 254 δ’,
373 211 448 261 ἐγὼ
475 208 667 249 Σθένελός
693 226 746 254 τε,
773 208 1022 261 μαχησόμεθ’
1049 210 1102 250 εἷς
1128 209 1149 248 ὅ
1175 226 1216 250 κε
1240 210 1392 262 τέκμωρ

1162 275 1170 289 J

203 278 322 316 Ἰλίου
349 277 531 327 εὕρωμεν·
570 275 644 315 σὺν
670 276 744 327 γὰρ
770 278 843 328 θεῷ
871 274 1158 325 εἰλήλουθμεν.’

265 342 343 383 ὁΩς
369 341 498 394 ἔφαθ’,
527 344 562 381 οἱ
587 341 619 381 δ’
646 341 718 393 ἄρα
744 340 885 382 πάντες
912 342 1075 394 ἐπίαχον
1100 342 1179 383 υἷες
1205 341 1392 395 Ἀχαιῶν,

202 412 323 458 μῦθον
349 407 625 460 ἀγασσάμενοι
653 406 871 458 Διομήδεος
897 408 1147 459 ἱπποδάμοιο.

202 480 308 515 τοῖσι
331 475 364 513 δ’
389 473 650 525 ἀνιστάμενος
675 474 924 527 μετεφώνεεν
950 475 1095 514 ἱππότα
1119 474 1301 527 Νέστωρ·

205 544 227 558 “
244 541 422 590 Τυδείδη,
450 540 537 592 πέρι
561 543 633 591 μὲν
658 540 818 594 πολέμῳ
845 541 902 580 ἕνι
928 541 1111 593 καρτερός
1136 543 1241 587 ἐσσι,

203 608 264 646 καὶ
288 612 418 663 βουλῇ
442 608 540 657 μετὰ
564 606 714 648 πάντας
741 605 930 657 ὁμήλικας
955 607 1075 647 ἔπλευ
1101 607 1275 660 ἄριστος.

202 674 245 713 οὔ
269 674 327 714 τίς
352 690 411 713 τοι
435 673 502 713 τὸν
526 676 649 724 μῦθον
674 674 902 719 ὀνόσσεται,
928 674 1048 713 ὅσσοι
1073 673 1243 727 Ἀχαιοί,

202 740 289 780 οὐδὲ
315 739 436 780 πάλιν
462 739 574 791 ἐρέει·
612 741 709 792 ἀτὰρ
733 739 777 780 οὐ
800 739 916 782 τέλος
941 741 1022 780 ἵκεο
1045 741 1191 791 μύθων.

203 805 224 856 ἦ
249 809 319 857 μὲν
346 807 406 847 καὶ
433 806 520 848 νέος
547 808 651 852 ἐσσί,
679 806 772 858 ἐμὸς
797 806 841 847 δέ
865 824 908 847 κε
933 807 996 846 καὶ
1022 806 1113 849 πάϊς
1139 808 1219 858 εἵης

202 873 419 915 ὁπλότατος
442 876 645 925 γενεῆφιν·
685 874 782 925 ἀτὰρ
806 872 1033 924 πεπνυμένα
1056 873 1193 926 βάζεις

202 939 393 991 Ἀργείων
416 942 632 991 βασιλῆας,
659 940 743 981 ἐπεὶ
769 942 866 979 κατὰ
891 944 1030 992 μοῖραν
1054 941 1195 982 ἔειπες.

202 1005 292 1045 ἀλλ’
317 1005 379 1058 ἄγ’
407 1008 519 1058 ἐγών,
547 1006 589 1048 ὃς
614 1010 700 1047 σεῖο
726 1008 949 1059 γεραίτερος
975 1007 1140 1060 εὔχομαι
1165 1007 1278 1053 εἶναι,

203 1071 343 1122 ἐξείπω
371 1074 431 1112 καὶ
457 1073 584 1112 πάντα
609 1072 790 1123 διίξομαι·
829 1073 918 1114 οὐδέ
943 1072 985 1114 κέ
1008 1075 1066 1115 τίς
1090 1089 1157 1124 μοι

200 1141 321 1188 μῦθον
346 1138 553 1190 ἀτιμήσει’,
581 1140 669 1180 οὐδὲ
696 1140 831 1190 κρείων
857 1139 1129 1191 Ἀγαμέμνων.

201 1204 387 1257 ἀφρήτωρ
414 1204 624 1256 ἀθέμιστος
650 1205 832 1247 ἀνέστιός
859 1207 969 1246 ἐστιν
993 1208 1142 1248 ἐκεῖνος

201 1271 243 1312 ὃς
269 1271 443 1322 πολέμου
469 1272 601 1324 ἔραται
627 1273 831 1322 ἐπιδημίου
855 1274 1095 1323 ὀκρυόεντος.

202 1337 292 1377 ἀλλ’
318 1338 403 1388 ἤτοι
427 1342 495 1378 νῦν
519 1341 591 1388 μὲν
617 1339 839 1389 πειθώμεθα
864 1339 970 1379 νυκτὶ
995 1340 1161 1395 μελαίνῃ

200 1404 324 1455 δόρπα
348 1404 382 1443 τ’
408 1405 752 1456 ἐφοπλισόμεσθα·
790 1408 1038 1457 φυλακτῆρες
1063 1408 1105 1446 δὲ
1129 1406 1289 1446 ἕκαστοι

199 1469 407 1520 λεξάσθων
432 1473 535 1522 παρὰ
561 1471 712 1524 τάφρον
738 1472 902 1523 ὀρυκτὴν
926 1473 1078 1524 τείχεος
1103 1473 1225 1513 ἐκτός.

203 1536 402 1587 κούροισιν
426 1540 497 1587 μὲν
522 1538 627 1577 ταῦτ’
655 1537 923 1588 ἐπιτέλλομαι·
961 1538 1081 1590 αὐτὰρ
1107 1539 1255 1584 ἔπειτα,

201 1603 392 1654 Ἀτρεΐδη,
421 1604 470 1643 σὺ
495 1606 566 1654 μὲν
591 1604 701 1656 ἄρχε·
742 1605 791 1643 σὺ
815 1606 890 1656 γὰρ
915 1605 1209 1655 βασιλεύτατός
1235 1605 1341 1644 ἐσσι.

201 1670 309 1709 δαίνυ
334 1673 444 1709 δαῖτα
471 1670 668 1722 γέρουσιν·
708 1670 811 1711 ἔοικέ
834 1687 906 1717 τοι,
934 1671 978 1710 οὔ
1002 1688 1063 1711 τοι
1087 1670 1226 1712 ἀεικές.

201 1737 338 1776 πλεῖαί
359 1753 418 1776 τοι
444 1738 549 1777 οἴνου
576 1739 741 1782 κλισίαι,
768 1736 837 1776 τὸν
862 1739 952 1786 νῆες
977 1737 1151 1790 Ἀχαιῶν

200 1801 357 1851 ἠμάτιαι
383 1804 592 1858 Θρῄκηθεν
618 1803 677 1843 ἐπ’
706 1803 820 1854 εὐρέα
844 1804 990 1844 πόντον
1014 1803 1170 1856 ἄγουσι·

200 1868 311 1908 πᾶσά
336 1870 399 1908 τοί
421 1869 506 1908 ἐσθ’
531 1868 729 1921 ὑποδεξίη,
757 1869 952 1909 πολέεσσι
975 1869 1009 1909 δ’
1034 1869 1237 1911 ἀνάσσεις.

200 1938 361 1974 πολλῶν
385 1934 418 1973 δ’
444 1935 672 1987 ἀγρομένων
697 1940 750 1990 τῷ
775 1937 932 1976 πείσεαι
958 1937 999 1977 ὅς
1026 1953 1091 1976 κεν
1115 1937 1283 1988 ἀρίστην

200 2000 352 2051 βουλὴν
375 2002 593 2057 βουλεύσῃ·
631 2002 740 2053 μάλα
764 2004 806 2042 δὲ
831 2003 935 2054 χρεὼ
960 2001 1109 2043 πάντας
1133 2001 1320 2056 Ἀχαιοὺς

201 2068 350 2118 ἐσθλῆς
375 2068 436 2107 καὶ
462 2071 635 2118 πυκινῆς,
662 2069 723 2108 ὅτι
748 2067 849 2118 δήϊοι
874 2068 1011 2120 ἐγγύθι
1036 2072 1139 2118 νηῶν

200 2134 377 2173 καίουσιν
402 2135 504 2185 πυρὰ
528 2134 676 2174 πολλά·
715 2135 773 2176 τίς
799 2134 846 2174 ἂν
872 2134 963 2174 τάδε
989 2133 1196 2186 γηθήσειε;

199 2198 271 2249 νὺξ
292 2199 325 2239 δ’
348 2199 408 2249 ἥδ’
433 2199 477 2249 ἠὲ
503 2202 721 2252 διαρραίσει
748 2200 921 2252 στρατὸν
945 2200 990 2250 ἠὲ
1015 2200 1204 2241 σαώσει.”

1482 356 1522 386 50

1483 688 1524 718 55

1482 1009 1525 1042 60

1480 1682 1522 1713 70

1479 2013 1520 2044 75

241 2305 282 2333 52
306 2297 391 2326 τοῖσι
411 2294 444 2326 δὲ
463 2296 512 2326 καὶ
530 2295 678 2333 μετέειπε
696 2296 841 2337 ’γερήνιος
861 2305 964 2333 marg.
986 2294 1017 2324 A
1160 2304 1199 2333 57
1225 2295 1283 2334 μὲν
1302 2294 1358 2325 ΑΓ.
1380 2292 1426 2323 Μ1
1440 2293 1503 2324 ΜΨ
1520 2305 1525 2324 5

196 2339 259 2377 μὴν
276 2338 365 2376 vulg.
478 2338 520 2367 66
544 2340 750 2379 φυλακτῆρας
767 2337 824 2369 ΛΓ.
937 2340 977 2375 67
1003 2337 1101 2379 παρὰ]
1118 2339 1187 2379 περὶ
1207 2336 1261 2366 1³¹⁰
1276 2348 1304 2368 v.
1322 2337 1342 2370 Ι.
1359 2338 1391 2367 in
1410 2337 1441 2366 A

201 2391 238 2420 73
263 2381 399 2413 πολέσιν
415 2382 475 2421 γὰρ
492 2380 549 2411 ΑΓ.
567 2384 592 2410 h
724 2382 765 2419 76
790 2381 838 2413 ὅτι
857 2380 913 2412 Ar.
939 2380 1027 2419 vulg.
1044 2392 1050 2412 :
1077 2381 1130 2412 ὅτε
1152 2379 1311 2418 ghpvaz
