1660 2802
658 140 692 174 5.
767 134 1023 171 ΙΛΙΑΔΟΣ
1072 135 1102 171 E

221 236 360 274 Αἰνείω
388 236 525 286 ἕταρον
549 237 786 287 μεγαθύμου,
818 237 1049 285 Δηϊκόωντα

220 302 489 352 Περγασίδην,
518 301 563 342 ὃν
587 305 719 354 Τρῶες
744 303 847 353 ὁμῶς
873 302 1068 353 Πριάμοιο
1093 302 1256 343 τέκεσσι
1480 319 1542 349 535

219 371 315 413 τῖον,
345 368 428 408 ἐπεὶ
454 370 543 410 θοὸς
568 369 660 409 ἔσκε
685 371 783 419 μετὰ
811 369 1003 420 πρώτοισι
1027 368 1238 422 μάχεσθαι.

219 434 287 473 τόν
309 435 358 484 ῥα
385 434 466 474 κατ’
493 435 641 475 ἀσπίδα
667 436 771 487 δουρὶ
799 435 904 485 βάλε
930 437 1066 486 κρείων
1092 435 1363 487 Ἀγαμέμνων·

220 500 241 549 ἡ
269 500 300 539 δ’
327 501 393 540 οὐκ
420 501 537 553 ἔγχος
563 502 686 553 ἔρυτο,
716 501 856 552 διαπρὸ
881 503 922 541 δὲ
950 503 1084 542 εἵσατο
1111 503 1273 554 χαλκός,

220 567 367 622 νειαίρῃ
394 566 425 606 δ’
452 568 493 606 ἐν
518 568 660 619 γαστρὶ
689 569 751 608 διὰ
779 568 977 619 ζωστῆρος
1003 569 1166 609 ἔλασσε·

221 633 418 682 δούπησεν
445 635 485 673 δὲ
510 634 658 679 πεσών,
690 634 873 686 ἀράβησε
899 636 939 674 δὲ
966 634 1092 687 τεύχε’
1119 635 1178 675 ἐπ’
1206 636 1320 689 αὐτῷ.
1481 649 1547 679 540

280 698 393 738 ’Ἔνθ’
420 699 502 739 αὖτ’
532 701 689 742 Αἰνείας
717 705 885 741 Δαναῶν
913 702 1003 741 ἕλεν
1028 701 1170 753 ἄνδρας
1195 702 1390 754 ἀρίστους,

219 766 277 805 υἷε
305 769 514 816 Διοκλῆος,
547 766 740 819 Κρήθωνά
764 785 805 808 τε
832 767 1078 820 Ὀρσίλοχόν
1103 785 1156 814 τε,

219 835 296 871 τῶν
320 833 369 883 ῥα
396 833 521 885 πατὴρ
547 836 620 884 μὲν
645 834 772 874 ἔναιεν
798 834 999 891 ἐϋκτιμένῃ
1025 835 1082 875 ἐνὶ
1108 837 1232 891 Φηρῇ,

220 898 382 950 ἀφνειὸς
411 901 577 951 βιότοιο,
604 900 718 952 γένος
744 901 776 941 δ’
803 900 849 951 ἦν
875 903 917 941 ἐκ
942 904 1132 952 ποταμοῖο

219 964 425 1017 Ἀλφειοῦ,
456 968 498 1008 ὅς
523 966 555 1005 τ’
582 967 668 1019 εὐρὺ
691 967 771 1019 ῥέει
798 968 961 1008 Πυλίων
986 969 1048 1008 διὰ
1073 969 1198 1020 γαίης,
1483 981 1547 1011 545

221 1031 263 1073 ὃς
288 1031 409 1072 τέκετ’
439 1032 678 1087 Ὀρτίλοχον
703 1033 895 1075 πολέεσσ’
921 1034 1136 1087 ἄνδρεσσιν
1156 1033 1317 1074 ἄνακτα·

220 1097 455 1152 Ὀρτίλοχος
481 1099 512 1139 δ’
540 1100 599 1151 ἄρ’
625 1101 748 1141 ἔτικτε
775 1104 954 1152 Διοκλῆα
978 1101 1215 1153 μεγάθυμον,

221 1167 262 1204 ἐκ
288 1168 330 1206 δὲ
360 1169 557 1216 Διοκλῆος
584 1167 789 1218 διδυμάονε
814 1171 928 1208 παῖδε
953 1166 1159 1219 γενέσθην,

222 1231 388 1283 Κρήθων
418 1232 662 1287 Ὀρσίλοχός
686 1251 740 1280 τε,
766 1234 896 1287 μάχης
922 1234 962 1274 εὗ
988 1235 1111 1275 εἰδότε
1136 1233 1279 1284 πάσης.

220 1299 272 1338 τὼ
299 1301 370 1349 μὲν
396 1299 456 1350 ἄρ’
482 1299 688 1350 ἡβήσαντε
712 1300 934 1351 μελαινάων
961 1301 1024 1341 ἐπὶ
1049 1305 1152 1351 νηῶν
1486 1313 1549 1342 550

214 1364 340 1406 Ἴλιον
367 1367 421 1407 εἰς
450 1366 628 1407 εὔπωλον
653 1367 718 1417 ἅμ’
744 1367 984 1419 Ἀργείοισιν
1011 1367 1196 1417 ἑπέσθην,

219 1431 334 1482 τιμὴν
360 1432 574 1489 Ἀτρεΐδῃς,
605 1433 869 1485 Ἀγαμέμνονι
897 1434 958 1474 καὶ
984 1434 1191 1487 Μενελάῳ,

221 1497 434 1550 ἀρνυμένω·
471 1501 524 1539 τὼ
555 1499 587 1539 δ’
613 1500 699 1540 αῧθι
723 1499 837 1542 τέλος
862 1500 1044 1541 θανάτοιο
1071 1500 1262 1552 κάλυψεν.

219 1566 287 1605 οἵω
312 1566 364 1606 τώ
391 1583 436 1618 γε
462 1565 600 1607 λέοντε
626 1567 701 1606 δύω
727 1569 836 1618 ὄρεος
863 1572 1080 1623 κορυφῇσιν

220 1632 441 1684 ἐτραφέτην
467 1633 541 1673 ὑπὸ
566 1635 681 1685 μητρὶ
706 1635 871 1684 βαθείης
896 1633 1091 1685 τάρφεσιν
1115 1634 1224 1683 ὕλης’
1484 1645 1545 1676 555

219 1699 272 1738 τὼ
297 1701 368 1749 μὲν
393 1699 452 1750 ἄρ’
481 1699 698 1751 ἁρπάζοντε
722 1701 825 1750 βόας
852 1700 912 1740 καὶ
938 1702 1027 1752 ἴφια
1050 1702 1158 1750 μῆλα

221 1765 419 1816 σταθμοὺς
444 1767 659 1818 ἀνθρώπων
686 1767 919 1819 κεραΐζετον,
946 1769 1051 1818 ὄφρα
1077 1766 1137 1806 καὶ
1163 1765 1265 1805 αὐτὼ

219 1832 370 1883 ἀνδρῶν
395 1834 436 1872 ἐν
462 1833 671 1889 παλάμῃσι
697 1831 932 1874 κατέκταθεν
957 1831 1038 1883 ὀξέϊ
1062 1836 1212 1887 χαλκῷ·

219 1899 309 1938 τοίω
335 1899 387 1938 τὼ
413 1901 620 1952 χείρεσσιν
648 1900 711 1940 ὑπ’
739 1901 898 1940 Αἰνείαο
925 1898 1090 1950 δαμέντε

221 1964 485 2015 καππεσέτην,
514 1966 704 2022 ἐλάτῃσιν
731 1968 899 2008 ἐοικότες
923 1967 1117 2023 ὑψηλῇσι.
1481 1968 1544 2007 560

284 2032 350 2071 Τὼ
376 2034 417 2072 δὲ
442 2033 603 2073 πεσόντ’
630 2032 799 2083 ἐλέησεν
825 2033 1035 2085 ἀρηΐφιλος
1061 2030 1281 2079 Μενέλαος,

268 2131 331 2160 534
355 2121 464 2152 Αἰνείω
477 2125 499 2151 d
509 2131 533 2158 g·
545 2121 586 2153 al.
603 2133 610 2152 ε
627 2121 754 2154 Αἰνειέω
768 2122 876 2161 vulg:
901 2122 1024 2154 Αἰνείαο
1038 2132 1075 2152 m
1088 2120 1200 2152 V1V¹⁶
1217 2120 1260 2152 al.
1333 2121 1549 2161 Δημοκόωντα

225 2168 303 2195 cik
315 2164 341 2194 C
359 2164 398 2194 al.
506 2165 570 2203 538
594 2165 718 2205 χαλκός
735 2165 876 2196 ehmT
893 2165 935 2196 al.
950 2178 956 2197 :
981 2166 1031 2197 καὶ
1050 2167 1107 2202 τῆς
1124 2166 1212 2204 vulg.
1319 2174 1383 2203 540
1407 2167 1498 2206 ἤριπε
1515 2165 1548 2197 δὲ

224 2207 345 2249 πρηνής
361 2212 406 2238 12·
419 2206 519 2237 U2⁸V⁵
677 2218 740 2247 542
765 2209 963 2249 Ὀρσίλοχον
979 2209 1074 2239 codd.
1101 2220 1107 2238 :
1133 2207 1327 2250 Ὀρτίλοχον
1344 2208 1424 2239 Zen.
1448 2212 1549 2245 [teste

225 2250 328 2281 schol.
347 2264 371 2291 ’γ
389 2251 464 2289 489λ,
620 2262 683 2290 543
707 2252 827 2293 Ἐφὴρῃ
846 2263 874 2283 v,
896 2252 914 2283 l.
934 2252 966 2281 in
984 2252 1012 2281 T
1165 2254 1229 2289 546
1254 2250 1448 2293 Ὀρτίλοχον
1465 2251 1545 2282 Zen.

225 2297 271 2325 fo
284 2294 310 2324 Β
324 2294 350 2323 L
364 2293 426 2324 M¹0
438 2294 482 2324 N<1
495 2294 523 2324 T
533 2293 589 2324 Vh)
600 2294 656 2325 V]3
675 2305 759 2326 corr.
861 2305 922 2334 547
949 2295 1139 2335 Ὀρτίλοχος
1157 2295 1255 2325 iidem
1359 2305 1423 2334 549
1448 2293 1549 2335 Ὀρτί-

226 2345 328 2378 λοχος
347 2336 392 2367 Ν4
411 2337 441 2377 (ὁ
459 2337 613 2379 πρόγονος
631 2339 680 2370 διὰ
697 2341 753 2370 τοῦ
769 2352 801 2377 τ,
821 2341 836 2370 ὁ
854 2341 925 2370 παῖς
943 2339 993 2370 διὰ
1009 2341 1066 2370 τοῦ
1081 2350 1102 2370 ο·
1115 2338 1220 2369 schol.
1242 2337 1290 2368 T:
1316 2338 1391 2369 sort.
1412 2338 1458 2368 ita
1474 2337 1545 2375 An,

227 2381 287 2411 sed
306 2381 405 2413 Faus.
424 2381 465 2411 iv.
486 2391 536 2419 3ο.
557 2391 576 2411 2
594 2387 772 2421 utrumque
790 2381 985 2423 Ὀρτίλοχον
1002 2383 1117 2422 vocat)
1261 2383 1326 2420 560
1350 2380 1471 2413 ἐοικότε
1488 2380 1547 2411 Ar.

226 2429 251 2455 h
266 2423 327 2455 U¹³
460 2427 518 2462 561
547 2426 628 2463 βοὴν
649 2426 764 2466 ἀγαθὸς
782 2435 801 2456 e
