1660 2802
641 145 675 177 5.
750 136 1010 174 ΙΛΙΑΔΟΣ
1060 136 1090 172 E

196 243 320 283 Ἴλιον
346 241 580 295 ἐκπέρσαντ’
609 241 806 293 εὐτείχεον
832 238 1084 285 ἀπονέεσθαι,

200 312 232 350 εἰ
258 311 356 349 οὕτω
381 310 592 359 μαίνεσθαι
617 307 788 358 ἐάσομεν
813 305 932 347 οῧλον
950 305 1093 357 ”Αρηα.

200 376 290 416 ἀλλ’
317 375 387 428 ἄγε
414 375 458 425 δὴ
487 376 548 414 καὶ
574 378 644 415 νῶϊ
668 374 875 424 μεδώμεθα
900 372 1076 424 θούριδος
1101 371 1263 423 ἆλκῆς.”

260 441 339 484 ““Ως
364 441 490 494 ἔφατ’,
518 440 596 481 οὐδ’
624 441 795 490 ἀπίθησε
821 440 890 479 θεὰ
915 442 1141 491 γλαυκῶπις
1166 438 1329 490 Ἀθήνη.

197 509 220 558 ἡ
246 511 318 559 μὲν
344 507 579 560 ἐποιχομένη
605 505 888 559 χρυσάμπυκας
913 505 1046 545 ἔντυεν
1071 507 1212 547 ἵππους
1461 518 1524 548 720

191 573 313 627 ‘'Hpn,
341 574 504 626 πρέσβα
529 572 610 619 θεά,
639 572 809 624 θυγάτηρ
833 571 1023 623 μεγάλοιο
1050 572 1229 624 Κρόνοιο·

191 640 307 691 ’ἼΙβη
334 641 366 680 δ’
391 640 490 691 ἀμφ’
515 639 684 692 ὀχέεσσι
709 641 807 680 θοῶς
832 637 938 689 βάλε
965 639 1148 689 καμπύλα
1174 638 1309 683 κύκλα,

198 707 351 760 χάλκεα
376 706 612 756 ὀκτάκνημα,
642 704 810 759 σιδηρέῳ
836 703 944 754 ἄξονι
970 705 1105 756 ἀμφίς.

198 777 275 813 τῶν
300 773 386 823 ἤτοι
411 772 561 826 χρυσέη
587 774 668 813 ἰ’τυς
693 771 869 823 ἄφθιτος,
898 771 1018 823 αὐτὰρ
1042 772 1186 822 ὕπερθε

198 839 337 892 χάλκε’
364 840 594 890 ἐπίσσωτρα
618 839 908 890 προσαρηρότα,
937 840 1062 888 θαῦμα
1088 836 1254 877 ἰδέσθαι·
1460 848 1522 879 725

200 908 376 956 πλῆμναι
401 905 433 945 δ’
459 905 628 957 ἀργύρου
653 905 732 945 εἶσὶ
757 905 984 956 περίδρομοι
1008 902 1301 956 ἀμφοτέρωθεν·

201 973 339 1024 δίφρος
365 974 405 1012 δὲ
431 971 642 1024 χρυσέοισι
668 972 730 1011 καὶ
755 970 1005 1024 ἀργυρέοισιν
1032 972 1168 1021 ἱμᾶσιν

201 1038 414 1084 ἐντέταται,
443 1038 543 1078 δοιαὶ
570 1040 611 1078 δὲ
635 1039 862 1089 περίδρομοι
886 1036 1049 1089 ἄντυγές
1075 1038 1166 1077 εἰσι.

200 1109 268 1145 τοῦ
292 1106 320 1144 δ’
351 1102 397 1154 ἐξ
419 1105 606 1157 ἀργύρεος
628 1103 747 1156 ῥυμὸς
772 1103 905 1144 πέλεν·
944 1103 1065 1155 αὐτὰρ
1091 1102 1150 1143 ἐπ’
1175 1102 1278 1158 ἄκρῳ

201 1174 298 1222 δῆσε
322 1171 510 1224 χρύσειον
537 1171 656 1211 καλὸν
684 1171 809 1222 ζυγόν,
838 1171 879 1210 ἐν
904 1171 945 1210 δὲ
969 1169 1147 1210 λέπαδνα
1459 1181 1524 1212 730

202 1236 287 1278 κάλ’
314 1239 439 1288 ἔβαλε
463 1237 629 1290 χρύσει’·
667 1236 742 1277 ὑπὸ
767 1238 810 1276 δὲ
837 1236 950 1288 ζυγὸν
974 1235 1122 1288 ἤγαγεν
1141 1234 1249 1287 ἸΗρη

200 1305 342 1346 ἵππους
366 1304 580 1350 ὠκύποδας,
606 1302 761 1354 μεμαυῖ’
786 1303 911 1354 ἔριδος
937 1303 1000 1342 καὶ
1024 1303 1153 1352 ἀϋτῆς.

265 1370 395 1421 Αὐτὰρ
420 1370 622 1420 Ἀθηναίη,
651 1370 766 1421 κούρη
794 1368 890 1410 Διὸς
915 1369 1122 1421 αἰγιόχοιο,

198 1435 350 1477 πέπλον
374 1439 444 1487 μὲν
471 1435 680 1489 κατέχευεν
706 1435 821 1475 ἑανὸν
846 1434 991 1486 πατρὸς
1016 1434 1076 1474 ἐπ’
1104 1435 1221 1480 οὔδει,

197 1503 390 1548 ποικίλον,
419 1504 462 1543 ὅν
485 1503 524 1554 ῥ’
551 1502 644 1551 αὐτὴ
671 1500 864 1552 ποιήσατο
891 1502 952 1541 καὶ
977 1500 1074 1551 κάμε
1098 1501 1253 1553 χερσίν·
1418 1512 1423 1516 ”
1458 1512 1520 1543 735

197 1569 219 1619 ἡ
246 1571 288 1609 δὲ
311 1568 444 1622 χιτῶν’
470 1570 614 1608 ἐνδῦσα
640 1567 736 1609 Διὸς
761 1566 1076 1620 νεφεληγερέταο

196 1635 380 1687 τεύχεσιν
406 1637 445 1676 ἐς
468 1636 644 1685 πόλεμον
670 1633 900 1686 θωρήσσετο
926 1634 1175 1686 δακρυόεντα.

198 1702 300 1753 ἀμφὶ
325 1701 358 1740 δ’
384 1701 442 1753 ἄρ’
468 1702 633 1752 ὤμοισιν
657 1699 798 1751 βάλετ’
825 1701 956 1752 αἰγίδα
983 1700 1292 1740 θυσσανόεσσαν

197 1766 340 1817 δεινήν,
368 1766 415 1817 ἣν
442 1769 530 1819 περὶ
554 1770 626 1818 μὲν
652 1766 779 1823 πάντῃ
805 1767 943 1817 Φόβος
968 1765 1258 1818 ἐστεφάνωται,

197 1835 240 1874 ἐν
265 1833 298 1872 δ’
318 1833 444 1885 ’Έρις,
474 1836 514 1874 ἐν
541 1833 573 1873 δ’
600 1833 738 1884 Ἀλκή,
767 1835 808 1873 ἐν
835 1835 875 1873 δὲ
902 1833 1100 1885 κρυόεσσα
1124 1830 1250 1881 Ἰωκή,
1456 1842 1520 1873 74<>

196 1901 239 1940 ἐν
264 1898 306 1939 δέ
331 1916 373 1940 τε
399 1901 562 1952 Γοργείη
591 1899 744 1952 κεφαλὴ
771 1902 914 1940 δεινοῖο
939 1900 1129 1951 πελώρου,

197 1965 303 2015 δεινή
329 1983 371 2006 τε
397 1965 569 2019 σμερδνή
595 1983 648 2012 τε,
678 1965 774 2008 Διὸς
799 1964 913 2017 τέρας
938 1966 1146 2017 αἰγιόχοιο.

197 2032 307 2083 κρατὶ
331 2032 362 2071 δ’
389 2032 448 2072 ἐπ’
474 2033 713 2085 ἀμφίφαλον
739 2031 877 2082 κυνέην
903 2030 995 2072 θέτο
1020 2030 1320 2083 τετραφάληρον

196 2098 399 2150 χρυσείην,
427 2099 565 2139 ἑκατὸν
590 2100 741 2139 πολίων
766 2096 982 2151 πρυλέεσσ’
1008 2098 1208 2150 ἀραρυῖαν·

197 2165 237 2206 ἐς
261 2164 293 2204 δ’
318 2166 415 2217 ὄχεα
440 2166 597 2217 φλόγεα
621 2166 718 2206 ποσὶ
742 2164 909 2216 βήσετο,
936 2163 1077 2214 λάζετο
1102 2163 1135 2203 δ’
1161 2163 1280 2215 ἔγχος
1453 2172 1516 2203 745

196 2231 315 2282 βριθὺ
338 2228 440 2283 μέγα
465 2232 674 2284 στιβαρόν,
702 2235 754 2286 τῷ
781 2231 951 2282 δάμνησι
977 2231 1120 2283 στίχας
1146 2230 1296 2281 ἀνδρῶν

242 2333 303 2363 725
327 2323 512 2365 ὀπίσσωτρα
527 2334 557 2355 v.
578 2324 599 2356 l.
619 2330 686 2356 ant.
708 2325 758 2365 (ἔν
774 2337 840 2357 τισι
862 2324 968 2364 Did.)‚
987 2323 1040 2355 Ρῑ1
1058 2337 1108 2365 γρ.
1129 2322 1207 2354 Bm2
1341 2332 1400 2362 731
1427 2322 1516 2354 καδδ’

198 2368 246 2404 ἔβ.
269 2371 285 2397 i
371 2368 484 2408 ἤραρεν
499 2366 569 2406 V32,
587 2381 637 2409 γρ.
654 2368 741 2408 Ang.
852 2377 1002 2407 734—735
1025 2368 1093 2399 ath.
1114 2367 1195 2398 Zen.
1312 2376 1374 2406 744
1397 2365 1518 2398 πολίων

196 2415 219 2442 k
230 2410 261 2440 A
272 2410 322 2441 Ge
338 2410 381 2440 Ν4
394 2409 460 2440 Πῦῑ
485 2410 610 2442 πόλεων
629 2417 690 2442 cet.
