1670 2828
658 151 690 187 1.
764 145 1025 183 ΙΛΙΑΔΟΣ
1082 147 1115 183 Α

290 252 342 292 Οἳ
367 254 438 302 μὲν
464 250 584 292 ἔπειτ’
611 249 833 301 ἀναβάντες
859 248 1053 289 ἐπέπλεον
1077 249 1176 300 ὑγρὰ
1202 248 1377 297 κέλευθα,

221 317 341 359 λαοὺς
367 317 400 357 δ’
427 317 628 369 Ἀτρεΐδης
653 316 996 366 ἀπολυμαίνεσθαι
1019 314 1184 367 ἄνωγεν·

222 385 257 423 οἱ
283 383 315 423 δ’
343 384 654 434 ἀπελυμαίνοντο
680 384 743 423 καὶ
770 384 825 424 εἰς
850 381 929 422 ἅλα
952 381 1094 432 λύματ’
1120 381 1312 433 ἔβαλλον,

223 449 334 501 ἔρδον
358 449 391 489 δ’
418 449 647 490 Ἀπόλλωνι
672 448 896 499 τεληέσσας
922 448 1148 498 ἑκατόμβας
1485 462 1546 494 315

220 516 372 567 ταύρων
396 516 454 566 ἠδ’
481 518 604 568 αἰγῶν
628 517 732 567 παρὰ
758 514 832 556 θῖν’
858 514 955 556 ἁλὸς
984 514 1224 566 ἀτρυγέτοιο·

222 583 336 632 κνίση
363 582 395 623 δ’
421 582 586 635 οὐρανὸν
610 583 694 622 ἷκεν
719 580 963 632 ἑλισσομένη
990 581 1078 632 περὶ
1104 585 1250 635 καπνῷ.

281 647 360 690 ΔΩς
385 651 420 689 οἱ
443 652 514 699 μὲν
539 651 587 688 τὰ
611 648 774 689 πένοντο
801 650 898 688 κατὰ
924 648 1106 699 στρατόν·
1148 647 1226 688 οὐδ’
1252 646 1515 699 Ἀγαμέμνων

219 714 310 767 λῆγ’
336 716 472 767 ἔριδος,
500 715 571 765 τὴν
596 719 750 768 πρῶτον
775 713 1013 764 ἐπηπείλησ’
1040 713 1216 767 Ἀχιλῆϊ,

220 781 312 821 ἀλλ’
337 783 359 820 ὅ
384 799 429 833 γε
454 782 685 832 Ταλθύβιόν
709 799 752 822 τε
779 782 840 821 καὶ
869 778 1108 833 Εὐρυβάτην
1134 779 1360 831 προσέειπε,
1484 793 1546 824 320

219 848 270 887 τώ
297 850 332 888 οἱ
358 849 455 888 ἕσαν
482 847 619 899 κήρυκε
646 849 708 888 καὶ
733 848 883 900 ὀτρηρὼ
911 846 1137 899 θεράποντε·

221 916 246 931 ‘⁶
262 915 454 967 ἔρχεσθον
481 915 638 964 κλισίην
664 913 903 965 Πηληϊάδεω
931 913 1135 966 Ἀχιλῆος·

218 981 349 1033 χειρὸς
375 981 502 1021 ἑλόντ’
530 980 674 1033 ἀγέμεν
702 980 893 1033 Βρισηΐδα
921 979 1205 1036 καλλιπάρῃον·

219 1048 252 1087 εἰ
277 1046 318 1087 δέ
345 1064 385 1088 κε
409 1047 460 1098 μὴ
487 1047 647 1103 δώῃσιν,
675 1048 752 1099 ἐγὼ
777 1046 819 1088 δέ
846 1064 909 1088 κεν
936 1046 1050 1089 αὐτὸς
1077 1047 1228 1097 ἕλωμαι

218 1114 344 1154 ἐλθὼν
371 1113 444 1155 σὺν
470 1114 702 1155 πλεόνεσσι·
740 1114 785 1153 τό
809 1116 844 1154 οἱ
871 1114 933 1154 καὶ
958 1114 1085 1165 ῥίγιον
1111 1112 1266 1154 ἔσται.”
1485 1126 1545 1157 325

279 1178 358 1223 ὁΩς
383 1182 503 1221 εἰπὼν
528 1180 666 1233 προΐει,
695 1180 880 1232 κρατερὸν
905 1179 938 1220 δ’
966 1180 1029 1220 ἐπὶ
1054 1183 1176 1230 μῦθον
1196 1180 1348 1220 ἔτελλε·

217 1247 269 1286 τὼ
295 1246 328 1287 δ’
354 1247 515 1288 ἀέκοντε
538 1247 668 1298 βάτην
692 1249 797 1300 παρὰ
823 1247 896 1287 θῖν’
923 1246 1018 1288 ἁλὸς
1047 1245 1286 1298 ἀτρυγέτοιο,

219 1315 478 1365 Μυρμιδόνων
503 1314 536 1354 δ’
562 1315 628 1354 ἐπί
650 1331 690 1355 τε
718 1314 873 1356 κλισίας
900 1314 961 1354 καὶ
986 1315 1081 1364 νῆας
1111 1312 1286 1364 ἱκέσθην.

217 1379 285 1420 τὸν
312 1380 344 1419 δ’
372 1381 483 1433 εὗρον
508 1380 612 1432 παρά
636 1398 678 1421 τε
704 1381 838 1436 κλισίῃ
866 1381 927 1420 καὶ
954 1380 1018 1430 νηῒ
1040 1380 1206 1436 μελαίνῃ

216 1447 372 1497 ἥμενον·
410 1447 488 1488 οὐδ’
514 1447 589 1499 ἄρα
612 1448 664 1487 τώ
691 1465 735 1499 γε
762 1447 852 1488 ἰδὼν
878 1445 1052 1499 γήθησεν
1079 1446 1306 1499 Ἀχιλλεύς.
1482 1458 1545 1490 330

216 1514 269 1552 τὼ
293 1515 365 1563 μὲν
389 1513 640 1566 ταρβήσαντε
666 1514 727 1554 καὶ
753 1513 944 1564 αἰδομένω
970 1516 1153 1563 βασιλῆα

217 1578 376 1630 στήτην,
403 1579 492 1620 οὐδέ
515 1581 554 1620 τί
575 1597 641 1631 μιν
666 1580 949 1632 προσεφώνεον
974 1579 1054 1619 οὐδ’
1083 1579 1248 1632 ἐρέοντο·

217 1645 335 1698 αὐτὰρ
360 1647 380 1685 ὁ
405 1646 505 1698 ἔγνω
530 1645 619 1703 ᾗσιν
645 1648 701 1687 ἐνὶ
726 1646 848 1698 φρεσὶ
873 1645 1061 1698 φώνησέν
1088 1663 1143 1686 τε·

219 1715 242 1729 “
259 1713 427 1765 χαίρετε,
456 1712 627 1766 κήρυκες,
658 1713 753 1755 Διὸς
779 1712 946 1764 ἄγγελοι
969 1712 1038 1762 ἠδὲ
1067 1713 1130 1753 καὶ
1155 1713 1318 1763 ἀνδρῶν,

216 1779 345 1819 ἆσσον
370 1779 432 1820 ἴτ’·
470 1780 514 1820 οὔ
538 1781 579 1820 τί
599 1797 664 1830 μοι
688 1780 810 1830 ὔμμες
837 1781 1018 1825 ἐπαίτιοι,
1048 1779 1141 1819 ἀλλ’
1167 1778 1440 1830 Ἀγαμέμνων,
1481 1791 1542 1823 335

216 1844 235 1885 ὃ
262 1849 370 1898 σφῶϊ
394 1845 520 1897 προΐει
548 1846 757 1898 Βρισηίδος
784 1846 913 1886 εἵνεκα
940 1846 1090 1898 κούρης.

216 1911 307 1952 ἀλλ’
331 1911 415 1964 ἄγε,
442 1914 614 1964 διογενὲς
640 1913 903 1964 Πατρόκλεες,
935 1911 1053 1964 ἔξαγε
1080 1912 1220 1964 κούρην

217 1979 282 2018 καί
303 1983 436 2030 σφωϊν
460 1978 525 2020 δὸς
549 1978 672 2030 ἄγειν·
710 1980 763 2019 τὼ
790 1978 822 2018 δ’
853 1979 954 2020 αὐτὼ
979 1978 1165 2031 μάρτυροι
1191 1979 1318 2019 ἔστων

215 2045 311 2096 πρός
335 2061 377 2085 τε
402 2047 500 2084 θεῶν
523 2045 707 2097 μακάρων
733 2046 829 2098 πρός
856 2063 898 2086 τε
923 2048 1073 2096 θνητῶν
1098 2045 1326 2097 ἀνθρώπων,

217 2111 278 2151 καὶ
302 2111 397 2163 πρὸς
421 2115 488 2151 τοῦ
513 2114 713 2162 βασιλῆος
741 2112 921 2162 ἀπηνέος,
951 2114 987 2152 εἴ
1008 2129 1104 2152 ποτε
1129 2111 1174 2161 δὴ
1199 2112 1291 2152 αῧτε
1479 2124 1542 2155 340

215 2178 333 2230 χρειὼ
357 2179 463 2228 ἐμεῖο
489 2178 649 2229 γένηται
675 2178 806 2219 ἀεικέα
830 2178 969 2231 λοιγὸν
995 2180 1136 2229 ἀμῦναι

214 2248 296 2286 τοῖς
314 2244 466 2286 ἄλλοις·
504 2243 528 2294 ἦ
552 2245 629 2298 γὰρ
653 2246 674 2283 ὅ
697 2245 734 2297 γ’
760 2246 919 2301 ὀλοιῇσι
944 2246 1064 2298 φρεσὶ
1090 2245 1183 2290 θύει,

257 2345 321 2375 324
345 2336 468 2368 δώωσιν
483 2334 562 2373 qU6
580 2335 620 2366 cf.
645 2346 702 2375 137
793 2347 855 2376 332
880 2337 913 2368 τί
931 2337 1031 2376 Cypr.
1050 2336 1108 2367 Ar.
1126 2337 1221 2368 codd.
1243 2348 1249 2367 :
1273 2335 1314 2368 τέ
1329 2347 1358 2367 ν.
1375 2335 1394 2367 l.
1412 2340 1481 2368 ant.

214 2381 278 2418 336
311 2382 413 2420 σφῶϊν
443 2379 523 2410 Zen.
554 2379 664 2419 Apou.
697 2381 738 2410 de
771 2386 860 2419 synt.
898 2381 928 2412 ii.
963 2390 1032 2419 115⁷
1066 2380 1105 2410 L·”·
1118 2379 1306 2418 L¹⁷M¹o5‚
1336 2379 1367 2410 A
1394 2389 1481 2411 corr.

214 2423 278 2496 332}
301 2423 455 2497 ,ἔιάρῇιὲρες
471 2434 493 2461 q
595 2433 660 2462 340
684 2424 835 2465 ἀπηνέος]
855 2424 996 2457 ἀναιδέος
1016 2424 1179 2456 Seleucus
1199 2425 1249 2465 (ἐν
1265 2426 1305 2466 τῇ
1324 2422 1544 2465 πολυστίχῳ),

215 2475 243 2497 ν.
279 2490 284 2497 .
317 2475 336 2497 n
