1629 2828
6 117 12 180 ξ
538 128 570 164 1.
643 121 899 160 ΙΛΙΑΔΟΣ
954 121 989 159 Α

8 182 11 214 1

8 215 12 319 ἰ
108 231 211 286 μύθῳ
237 228 455 279 Ἀθηναίης·
491 226 514 278 ἡ
540 225 574 266 δ’
600 226 859 277 Οὔλυμπόνδε
883 223 1054 277 βεβήκει

9 327 13 349 ,
109 295 247 348 δώματ’
271 297 310 337 ἐς
334 294 530 346 αἰγιόχοιο
558 292 654 335 Διὸς
679 294 776 344 μετὰ
801 293 986 342 δαίμονας
1011 290 1168 333 ἄλλους.

9 365 13 395 ³
172 361 368 412 Πηλεΐδης
393 359 424 400 δ’
451 358 603 410 ἐξαῦτις
629 360 858 411 ἀταρτηροῖς
882 355 1070 398 ἐπέεσσιν

108 428 306 481 Ἀτρεΐδην
330 424 556 478 προσέειπε,
588 425 649 465 καὶ
675 425 718 465 οὔ
743 442 802 465 πω
826 426 927 476 λῆγε
949 424 1104 477 χόλοιο·

109 498 134 513 “
149 491 364 545 οἰνοβαρές,
395 491 505 533 κυνὸς
531 491 670 542 ὄμματ’
696 491 812 543 ἔχων,
841 491 997 543 κραδίην
1023 489 1054 530 δ’
1082 488 1262 541 ἐλάφοιο,
1367 503 1428 532 225

107 561 193 602 οὔτε
218 559 302 600 ποτ’
330 561 369 601 ἐς
394 560 569 609 πόλεμον
595 557 675 608 ἅμα
698 561 781 611 λαῷ
808 558 1057 609 θωρηχθῆναι

107 628 192 667 οὔτε
217 625 376 679 λόχονδ’
405 623 504 666 ἰέναι
531 624 605 664 σὺν
631 622 893 676 ἀριστήεσσιν
919 622 1091 675 Ἀχαιῶν

105 692 293 743 τέτληκας
321 695 437 746 θυμῷ·
474 691 518 731 τὸ
544 690 586 731 δέ
611 707 671 731 τοι
698 690 766 741 κὴρ
792 691 933 730 εἴδεται
958 689 1068 730 εἶναι.

105 758 128 809 ἦ
155 758 254 799 πολὺ
281 759 400 799 λώϊόν
427 757 513 798 ε’στι
539 758 635 797 κατὰ
661 755 830 808 στρατὸν
855 755 965 807 εὐρὺν
989 755 1164 808 Ἀχαιῶν

10 852 15 881 3
108 825 194 877 δῶρ’
223 826 497 876 ἀποαιρεῖσθαι
523 824 565 865 ὅς
589 840 646 865 τις
673 821 789 863 σέθεν
814 823 946 862 ἀντίον
972 823 1073 877 εἴπῃ·
1368 834 1430 865 230

12 914 15 930 ι
107 892 328 943 δημοβόρος
352 890 561 941 βασιλεύς,
589 889 674 930 ἐπεὶ
699 889 960 929 οὐτιδανοῖσιν
986 887 1190 930 ἀνάσσεις·

108 956 131 1007 ἦ
157 959 231 1009 γὰρ
256 957 315 1003 ἄν,
343 956 534 1009 Ἀτρεΐδη,
561 959 629 996 νῦν
653 957 804 996 ὕστατα
827 953 1050 1005 λωβήσαιο.

97 1023 200 1063 ’ἀλλ’
228 1023 269 1063 ἔκ
292 1039 350 1063 τοι
378 1021 471 1074 ἐρέω
500 1022 561 1062 καὶ
587 1021 651 1062 ε’πὶ
674 1019 799 1074 μέγαν
824 1022 938 1072 ὅρκον
963 1021 1140 1071 ὀμοῦμαι·

109 1089 170 1130 ναὶ
196 1091 249 1139 μὰ
275 1090 364 1129 τόδε
390 1091 601 1140 σκῆπτρον,
629 1086 672 1128 τὸ
697 1090 768 1137 μὲν
792 1087 836 1127 οὔ
861 1104 955 1127 ποτε
979 1088 1117 1138 φύλλα
1144 1086 1204 1126 καὶ
1229 1087 1338 1136 ὄζους

110 1155 242 1208 φύσει,
272 1154 356 1195 ἐπεὶ
382 1154 425 1204 δὴ
452 1158 586 1206 πρῶτα
609 1153 730 1205 τομὴν
757 1152 799 1194 ἐν
824 1155 964 1205 ὄρεσσι
988 1151 1188 1198 λέλοιπεν,
1369 1166 1430 1196 235

109 1221 186 1262 οὐδ’
215 1219 470 1271 ἀναθηλήσει·
508 1221 595 1272 περὶ
620 1219 695 1272 γάρ
717 1218 766 1272 ῥά
790 1221 808 1260 ἑ
832 1219 981 1272 χαλκὸς
1007 1219 1131 1271 ἔλεψε

110 1288 247 1341 φύλλα
271 1305 313 1328 τε
339 1287 400 1327 καὶ
426 1287 584 1339 φλοιόν·
621 1289 689 1327 νῦν
716 1283 807 1326 αῧτέ
829 1303 897 1336 μιν
921 1287 1000 1328 υἷες
1025 1285 1197 1338 Ἀχαιῶν

110 1354 152 1395 ἐν
178 1353 362 1409 παλάμῃς
388 1351 578 1405 φορέουσι
602 1353 852 1398 δικασπόλοι,
880 1353 918 1392 οἵ
938 1369 980 1393 τε
1006 1350 1193 1403 θέμιστας

109 1420 203 1472 πρὸς
232 1419 326 1461 Διὸς
353 1420 536 1470 εἰρύαται·
575 1420 594 1459 ὁ
620 1418 661 1460 δέ
686 1437 746 1459 τοι
769 1417 892 1470 μέγας
915 1419 1080 1459 ἔσσεται
1105 1420 1230 1471 ὅρκος·

110 1485 133 1536 ἧ
159 1486 244 1527 ποτ’
270 1486 488 1539 Ἀχιλλῆος
513 1486 613 1536 ποθὴ
639 1485 763 1536 ἵξεται
787 1486 872 1527 υἷας
896 1484 1068 1538 Ἀχαιῶν
1369 1498 1431 1528 240

111 1554 354 1604 σύμπαντας·
393 1553 481 1592 τότε
506 1551 538 1592 δ’
562 1553 606 1592 οὔ
630 1569 666 1592 τι
692 1551 877 1601 δυνήσεαι
903 1552 1119 1604 ἀχνύμενός
1143 1568 1215 1602 περ

110 1623 332 1672 χραισμεῖν,
362 1618 438 1659 εὖτ’
465 1618 512 1658 ἂν
537 1618 682 1658 πολλοὶ
707 1617 774 1670 ὑφ’
793 1617 985 1669 Ἵῧκτορος
1011 1619 1270 1670 ἀνδροφόνοιο

111 1684 346 1741 θνῄσκοντες
372 1686 558 1725 πίπτωσι·
598 1685 648 1725 σὺ
672 1684 704 1724 δ’
730 1685 858 1725 ἔνδοθι
886 1684 1004 1735 θυμὸν
1030 1683 1186 1735 ἀμύξεις

111 1753 310 1805 χωόμενος
335 1752 356 1791 ὅ
380 1750 414 1790 τ’
438 1751 599 1803 ἄριστον
625 1751 801 1804 Ἀχαιῶν
826 1751 936 1791 οὐδὲν
963 1750 1212 1794 ἕτεισας.”..

173 1816 251 1859 ⁶95*
277 1817 379 1869 φάτο
406 1817 616 1868 Πηλεΐδης,
645 1818 733 1858 ποτὶ
759 1820 801 1859 δὲ
825 1819 1025 1868 σκῆπτρον
1049 1817 1154 1867 βάλε
1179 1818 1271 1872 γαίῃ
1372 1830 1430 1871 345

111 1885 309 1937 χρυσείοις
332 1884 466 1933 ἥλοισι
491 1883 754 1936 πεπαρμένον,
783 1884 888 1933 ἕζετο
915 1883 948 1923 δ’
974 1883 1100 1925 αὐτός·

110 1950 309 2003 Ἀτρεΐδης
335 1950 366 1990 δ’
393 1948 581 2002 ἑτέρωθεν
605 1949 751 2000 ἐμήνιε·
789 1953 893 1990 τοῖσι
917 1953 959 1991 δὲ
983 1948 1153 2002 Νέστωρ

110 2016 276 2067 ἡδυεπὴς
301 2017 505 2068 ἀνόρουσε,
532 2017 646 2068 λιγὺς
672 2017 838 2057 Πυλίων
862 2015 1066 2068 ἀγορητής,

111 2087 177 2123 τοῦ
203 2084 263 2123 καὶ
289 2082 364 2123 ἀπὸ
389 2084 581 2134 γλώσσης
605 2083 763 2133 μέλιτος
787 2083 959 2134 γλυκίων
983 2082 1070 2134 ῥέεν
1094 2081 1206 2132 αὐδή·

111 2153 161 2204 τῷ
185 2149 217 2189 δ’
241 2150 312 2200 ἤδη
338 2149 404 2189 δύο
428 2152 501 2200 μὲν
525 2150 657 2201 γενεαὶ
682 2150 866 2200 μερόπων
891 2149 1105 2200 ἀνθρώπων
1368 2161 1430 2190 250

112 2215 276 2268 ἐφθίαθ’,
304 2216 343 2255 οἵ
364 2217 400 2256 οἱ
424 2216 598 2268 πρόσθεν
623 2214 704 2266 ἅμα
727 2215 878 2267 τράφεν
902 2215 961 2264 ἠδ’
989 2214 1170 2266 ἐγένοντο

111 2282 153 2322 ἐν
176 2282 297 2336 Πύλῳ
320 2281 480 2338 ἠγαθέῃ,
507 2283 607 2332 μετὰ
631 2283 673 2321 δὲ
697 2281 938 2333 τριτάτοισιν
963 2281 1153 2321 ἄνασσεν·

153 2383 299 2414 225-233
323 2375 389 2406 ath.
416 2374 496 2406 Zen.
599 2385 658 2414 241
694 2375 771 2406 τότε
796 2374 855 2405 ΛΓ.
884 2373 915 2403 Α
943 2372 997 2404 L¹⁰
1018 2372 1072 2404 L¹²
1096 2372 1177 2405 M13:
1203 2376 1271 2405 τοῖς
1297 2379 1359 2403 cet.

111 2425 173 2457 249
194 2419 316 2458 γλυκίω
331 2418 411 2450 Zen.
434 2418 487 2459 (ef.
507 2419 565 2459 80)
700 2428 758 2457 251
788 2419 821 2450 αἵ
835 2418 915 2448 ch.

0 2613 296 2828 A*

15 1913 26 2612 -—-——-—-—-..—„-.-.-..-2ss—.-.-
13 1589 21 1895 -A-fflss-‘asszssff
15 1558 17 1566 -
