1660 2802
636 116 695 149 10.
770 111 1028 149 ΙΛΙΑΔΟΣ
1076 112 1110 149 Κ

200 217 278 253 τῶν
303 213 370 253 δύο
393 212 578 264 μοιράων,
606 212 764 264 τριτάτη
791 213 824 253 δ’
850 213 905 253 ἔτι
933 218 1048 266 μοῖρα
1075 214 1316 256 λέλειπται.”

261 278 340 320 ὁΩς
366 279 514 319 εἰπόνθ’
541 280 728 320 ὅπλοισιν
754 279 810 319 ἔνι
836 282 1029 320 δεινοῖσιν
1059 281 1209 331 ἐδύτην.

199 345 364 401 Τυδεΐδῃ
389 347 461 395 μὲν
487 348 585 385 δῶκε
608 346 901 396 μενεπτόλεμος
928 346 1200 398 Θρασυμήδης
1469 362 1530 393 255

201 411 412 463 φάσγανον
436 411 719 463 ἄμφηκες-τὸ
745 412 777 451 δ’
803 412 869 452 ἑὸν
896 414 1000 465 παρὰ
1029 413 1093 463 νηῒ
1115 413 1363 454 λέλειπτο-

202 479 263 517 καὶ
288 477 423 519 σάκος·
461 478 564 528 ἀμφὶ
590 477 632 517 δέ
657 480 692 518 οἱ
719 477 856 528 κυνέην
883 481 1116 531 κεφαλῆφιν
1143 480 1257 530 ἔθηκε

200 545 393 595 ταυρείην,
421 543 580 596 ἄφαλόν
605 561 647 584 τε
672 545 734 584 καὶ
759 544 955 596 ἄλλοφον,
983 546 1008 595 ἥ
1033 562 1075 586 τε
1101 545 1288 597 καταῖτυξ

203 609 398 659 κέκληται,
424 611 556 661 ῥύεται
582 613 623 650 δὲ
649 610 744 662 κάρη
773 614 950 662 θαλερῶν
975 612 1132 662 αἰζηῶν.

203 677 405 727 Μηριόνης
430 676 463 716 δ’
489 676 656 727 Ὀδυσῆϊ
680 677 785 717 δίδου
811 677 903 728 βιὸν
929 678 996 727 ἠδὲ
1022 677 1222 730 φαρέτρην
1470 682 1534 714 260

203 743 264 782 καὶ
290 741 418 794 ξίφος,
445 743 545 793 ἀμφὶ
571 742 614 783 δέ
638 745 674 783 οῖ
701 743 838 794 κυνέην
867 746 1097 796 κεφαλῆφιν
1125 745 1240 794 ἔθηκε

201 810 308 859 ῥινοῦ
332 808 509 858 ποιητήν·
548 809 716 849 πολέσιν
741 809 773 848 δ’
800 810 988 850 ἔντοσθεν
1015 812 1151 860 ἱμᾶσιν

202 874 383 915 ἐντέτατο
410 879 591 927 στερεῶς·
631 876 795 916 ἔκτοσθε
820 878 860 916 δὲ
887 877 1019 916 λευκοὶ
1044 877 1201 918 ὀδόντες

203 942 455 993 ἀργιόδοντος
479 941 545 983 ὑὸς
572 941 711 992 θαμέες
737 943 829 995 ἕχον
857 942 950 982 ἔνθα
977 944 1037 982 καὶ
1065 943 1159 983 ἔνθα

204 1008 245 1047 εὗ
271 1008 332 1047 καὶ
357 1008 638 1058 ἐπισταμένως·
675 1008 808 1064 μέσσῃ
835 1008 866 1047 δ’
892 1009 949 1048 ἐνὶ
976 1012 1090 1050 πῖλος
1115 1007 1260 1061 ἀρήρει.
1473 1013 1533 1052 265

203 1073 273 1124 τήν
297 1073 346 1126 ῥά
371 1074 455 1113 ποτ’
482 1072 528 1124 ἐξ
549 1073 743 1116 Ἐλεῶνος
769 1074 1005 1127 Ἀμύντορος
1030 1075 1263 1126 Ὀρμενίδαο

205 1139 350 1190 ἐξέλετ’
378 1140 600 1182 Αὐτόλυκος
625 1141 785 1181 πυκινὸν
810 1142 928 1191 δόμον
956 1140 1228 1193 ἀντιτορήσας,

205 1205 417 1246 Σκάνδειαν
443 1206 475 1245 δ’
501 1206 575 1257 ἄρα
599 1209 695 1246 δῶκε
723 1208 901 1260 Κυθηρίῳ
937 1207 1242 1258 Ἀμφιδάμαντι·

204 1271 457 1324 Ἀμφιδάμας
482 1274 523 1312 δὲ
550 1273 676 1326 Μόλῳ
701 1275 799 1313 δῶκε
824 1272 992 1323 ξεινήϊον
1019 1273 1129 1319 εἶναι,
1636 1310 1652 1332 '3

205 1338 325 1390 αὐτὰρ
351 1340 370 1377 ὁ
397 1339 578 1393 Μηριόνῃ
606 1341 726 1378 δῶκεν
752 1337 780 1392 ᾧ
810 1341 917 1379 παιδὶ
942 1342 1125 1391 φορῆναι·
1473 1350 1534 1385 270
1631 1308 1653 1398 ly*

204 1405 249 1454 δῖ)
275 1404 354 1444 τότ’
382 1404 606 1454 Ὀδυσσῆος
632 1406 808 1445 πύκασεν
834 1406 928 1458 κάρη
955 1407 1236 1457 ἀμφιτεθεῖσα.
1632 1399 1634 1426 ⁵

271 1472 338 1510 Τὼ
363 1470 394 1509 δ’
420 1472 504 1511 ἐπεὶ
529 1471 596 1510 οὖν
621 1472 808 1511 ὅπλοισιν
834 1472 891 1512 ἔνι
915 1474 1107 1512 δεινοῖσιν
1137 1472 1287 1522 ἐδύτην,

205 1537 285 1588 βάν
310 1537 349 1588 ῥ’
376 1536 487 1582 ἰέναι,
515 1536 680 1586 λιπέτην
706 1540 747 1577 δὲ
775 1537 854 1576 κατ’
880 1537 1012 1577 αὐτόθι
1042 1537 1191 1580 πάντας
1217 1538 1414 1589 ἀρίστους.

205 1607 312 1643 τοῖσι
336 1605 377 1643 δὲ
403 1603 529 1653 δεξιὸν
554 1603 646 1653 ἧκεν
671 1603 832 1654 ἐρωδιὸν
857 1604 973 1656 ἐγγὺς
1002 1605 1108 1644 ὁδοῖο

208 1671 377 1710 Παλλὰς
402 1669 604 1719 Ἀθηναίη·
643 1671 702 1710 τοὶ
728 1670 759 1710 δ’
787 1669 854 1709 οὐκ
881 1672 962 1710 ἴδον
991 1671 1238 1722 ὀφθαλμοῖσι
1473 1681 1532 1712 275

208 1735 326 1775 νύκτα
350 1735 397 1774 δι’
423 1736 629 1787 ὀρφναίην,
658 1737 763 1776 ἀλλὰ
790 1735 1037 1788 κλάγξαντος
1063 1736 1248 1776 ἄκουσαν.

208 1806 320 1854 χαῖρε
345 1803 386 1841 δὲ
411 1805 464 1855 τῷ
489 1801 610 1853 ὄρνιθ’
637 1802 839 1848 Ὀδυσεύς,
870 1803 991 1854 ἠρᾶτο
1017 1802 1050 1842 δ’
1075 1801 1236 1858 Ἀθήνῃ·

212 1870 235 1884 “
253 1868 368 1907 κλῦθί
388 1884 471 1918 μευ,
499 1869 695 1921 αἰγιόχοιο
725 1869 821 1910 Διὸς
846 1868 968 1914 τέκος,
996 1869 1020 1919 ἥ
1045 1868 1087 1909 τέ
1106 1885 1172 1919 μοι
1198 1870 1274 1909 αἰεὶ

209 1935 251 1973 ἐν
275 1933 473 1973 πάντεσσι
498 1935 657 1974 πόνοισι
685 1936 941 1986 παρίστασαι,
969 1934 1059 1975 οὐδέ
1086 1952 1133 1974 σε
1157 1934 1267 1984 λήθω

211 2000 424 2050 κινύμενος·
463 2003 530 2040 νῦν
557 2001 647 2041 αὖτε
674 2001 851 2051 μάλιστά
875 2018 922 2052 με
949 2004 1078 2053 φῖλαι,
1105 2000 1267 2051 Ἀθήνη,
1472 2004 1534 2035 280

211 2065 275 2106 δὸς
301 2068 341 2105 δὲ
366 2065 485 2106 πάλιν
512 2067 575 2107 ἐπὶ
605 2070 698 2117 νῆας
724 2069 900 2109 ἐϋκλεῖας
924 2067 1153 2119 ἀφικέσθαι,

209 2130 398 2183 ῥέξαντας
422 2132 522 2184 μέγα
551 2134 679 2185 ἔργον,
707 2135 729 2172 ὅ
756 2151 796 2174 κε
821 2134 1008 2185 Τρώεσσι
1032 2132 1229 2189 μελήσῃ.”

280 2198 472 2250 Δεύτερος
499 2199 581 2239 αὖτ’
607 2200 727 2251 ἠρᾶτο
753 2200 856 2250 βοὴν
882 2199 1029 2252 ἀγαθὸς
1056 2198 1267 2250 Διομήδης·

251 2304 313 2332 253
340 2304 404 2324 om.
422 2293 517 2331 len„
536 2294 601 2324 ath.
619 2293 792 2332 Aristoph.
814 2293 873 2324 Ar.
964 2293 1027 2322 268
1052 2293 1206 2334 Σκανδείᾳ
1222 2291 1533 2330 qum·''¹Gs(uv.*⁴

210 2337 257 2367 M*
271 2347 314 2367 ss.
329 2337 381 2366 Mc
395 2347 425 2367 v.
439 2337 457 2366 l.
472 2347 524 2375 ap.
542 2337 635 2366 Eust.
720 2346 782 2374 275
808 2335 957 2375 nanas]
972 2338 1096 2367 πελλὸν
1111 2336 1263 2374 Zopyrus
1276 2345 1327 2374 ap.
1346 2336 1450 2367 schol,
1462 2335 1489 2364 T
1502 2341 1534 2365 et

210 2380 301 2410 Eust.
439 2381 501 2417 278
525 2380 598 2419 μευ]
617 2393 667 2418 μοι
686 2382 789 2409 deio
801 2379 830 2407 A
844 2378 869 2407 Ρ»
884 2380 908 2407 C
922 2379 948 2408 'l‘
966 2379 1006 2408 nl.
1145 2379 1202 2407 281
1232 2378 1394 2419 ἐφικέσθαι
1412 2378 1442 2407 Α
