1660 2802
640 151 673 183 5.
749 144 1009 181 IAIAAOE
1061 144 1088 180 E

202 246 271 295 τὴν
295 248 365 295 μὲν
392 245 450 297 ἄρ’
471 244 568 297 Ἷρις
593 249 740 286 ἑλοῦσα
766 244 982 296 ποδήνεμος
1008 244 1114 297 ἔξαγ’
1140 246 1277 296 ὁμίλου

202 311 425 364 ἀχθομένην
451 312 626 367 ὀδύιησι,
652 312 862 362 μελαίνετο
887 314 928 352 δὲ
953 313 1054 364 χρόα
1078 313 1211 351 καλόν.

203 378 312 429 εὗρεν
338 378 472 418 ἔπειτα
496 377 626 430 μάχης
652 380 700 418 ἐτ-
673 377 710 418 ,’
737 379 925 429 ἀριστερὰ
951 381 1088 429 θοῦρον
1107 377 1235 429 ’Ἄρηα
1461 391 1521 422 355

202 445 358 495 ἥμενον·
396 444 479 496 ἠέρι
506 443 537 484 δ’
564 444 682 497 ἔγχος
708 443 884 484 ἐκέκλιτο
910 445 971 485 καὶ
996 443 1109 497 ταχέ’
1136 445 1254 484 ἵππω·

204 511 226 561 ἡ
253 512 293 551 δὲ
319 509 457 562 γνὺξ
442 514 630 562 εριποῦσα
657 527 908 563 κασιγνητοιο
934 512 1069 562 φίλοιο

203 579 335 617 πολλὰ
359 576 580 627 λισσομένη
606 577 889 630 χρυσάμπυκας
913 577 1025 633 ᾔτεεν
1051 578 1203 619 ἵππους·

205 645 228 659 “
247 645 342 695 φίλε
369 644 592 695 κασίγνητε,
620 645 784 694 κόμισαί
804 643 847 684 τέ
870 661 918 694 με
942 644 1007 685 δὸς
1032 644 1074 684 δέ
1096 661 1162 694 μοι
1187 645 1339 691 ἵππους,

203 709 294 761 ὄφρ’
321 710 360 751 ἐς
379 709 589 760 ’Όλυμπον
615 711 766 766 ἵκωμαι,
795 710 843 750 ἵν’
870 710 1072 751 ἀθανάτων
1099 711 1185 753 ἕδος
1211 712 1311 751 ἐστί.
1462 713 1525 754 360

202 777 292 825 λίην
318 775 489 828 ἄχθομαι
515 777 642 823 ἕλκος,
669 778 691 816 ὅ
715 794 763 827 με
788 777 932 828 βροτὸς
957 778 1125 817 οὔτασεν
1150 776 1258 828 ἀνήρ,

202 842 400 892 Τυδείδης,
427 842 469 884 ὃς
494 845 561 882 νῦν
586 860 631 895 γε
658 843 719 883 καὶ
744 843 791 883 ἂν
819 845 885 884 Διὶ
910 860 1026 896 πατρι
1050 842 1242 896 μάχοιτο.’

264 907 343 950 ““Ως
369 908 484 960 φάτο,
512 926 559 965 τη
585 909 617 949 δ’
644 909 702 961 ἄρ’
723 909 846 962 ’Ἄρης
871 913 968 950 δῶκε
993 910 1275 963 χρυσάμπυκας
1299 910 1452 952 ἵππους·

204 975 225 1025 ἡ
252 975 284 1014 δ’
310 976 349 1016 ἐς
375 977 515 1027 δίφρον
541 976 703 1026 ἔβαινεν
728 975 949 1029 ἀκηχεμένη
976 978 1097 1028 φίλον
1123 994 1228 1028 ητορ,

204 1044 281 1093 πῖιρ
308 1040 349 1082 δέ
374 1043 409 1082 οἱ
428 1041 525 1092 Ἶρις
550 1043 688 1093 ἔβαινε
714 1043 776 1083 καὶ
801 1043 891 1094 ἡνία
914 1042 1054 1093 λάζετο
1079 1045 1208 1096 χερσί,
1465 1046 1525 1086 365

204 1107 394 1158 μάστιξεν
420 1107 452 1148 δ’
478 1108 612 1155 ἐλάαν,
640 1110 693 1149 τὼ
719 1109 750 1150 δ’
777 1109 844 1150 οὐκ
871 1109 1030 1150 ἀέκοντε
1054 1109 1264 1160 πετέσθην.

206 1174 309 1226 αἶψα
334 1174 365 1214 δ’
392 1174 512 1215 ἔπειθ’
539 1176 668 1215 ἵκοντο
694 1179 793 1216 θεῶν
819 1177 915 1223 ἕδος,
943 1177 1060 1217 αἰπὺν
1079 1176 1302 1228 νΟλυμπον·

205 1241 285 1281 ἔνθ’
310 1242 451 1283 ἵππους
476 1242 623 1292 ἔστησε
649 1242 867 1293 ποδήνεμος
892 1242 993 1283 ὠκέα
1011 1242 1108 1295 Ἶρις

205 1307 352 1347 λύσασ’
379 1305 424 1357 ἐξ
445 1307 585 1361 ὀχέων,
614 1311 719 1360 παρὰ
744 1309 777 1349 δ’
803 1310 1026 1361 ἀμβρόσιον
1049 1309 1178 1361 βάλεν
1205 1309 1324 1363 εἶδαρ·

205 1374 227 1424 ἡ
255 1373 286 1414 δ’
312 1375 354 1414 ἐν
379 1374 546 1426 γούνασι
572 1378 689 1416 πῖπτε
717 1376 871 1426 Διώνης
897 1376 947 1416 δῖ’
974 1376 1202 1428 Ἀφροδίτη,
1466 1387 1528 1419 370

205 1440 350 1492 μητρὸς
376 1443 453 1490 ἑῆς·
490 1441 512 1491 ἡ
539 1441 570 1481 δ’
597 1442 719 1493 ἀγκὰς
744 1442 904 1492 ἐλάζετο
930 1442 1121 1494 θυγατέρα
1145 1443 1206 1493 ἥν,

206 1507 312 1559 χειρί
333 1506 374 1547 τέ
398 1524 464 1557 μιν
491 1507 693 1559 κατέρεξεν
719 1509 812 1550 ἔπος
836 1509 868 1547 τ’
895 1508 1008 1560 ἔφατ’
1036 1510 1077 1548 ἐκ
1103 1509 1134 1547 τ’
1160 1509 1337 1559 ὀνόμαζε·

209 1575 233 1589 “
249 1574 307 1614 τίς
332 1574 378 1613 νύ
403 1590 450 1613 σε
476 1573 596 1614 τοιάδ’
623 1574 742 1628 ἔρεξε,
771 1576 893 1626 φίλον
918 1574 1040 1621 τέκος,
1068 1575 1330 1626 Οὐρανιώνων

206 1640 416 1690 μαψιδίως,
445 1640 495 1682 ὡς
521 1642 557 1681 εἵ
578 1657 614 1680 τι
641 1641 759 1680 κακὸν
783 1641 973 1692 ῥέζουσαν
999 1640 1185 1698 ἐνωπῇ;”

272 1705 356 1755 Τὴν
384 1705 416 1745 δ’
441 1706 616 1757 ἠμείβετ’
645 1707 779 1747 ἔπειτα
804 1707 1066 1759 φιλομμειδὴς
1090 1707 1320 1759 Ἀφροδίτη·
1468 1719 1528 1751 375

210 1774 233 1788 “
251 1771 343 1811 οὖτά
367 1789 415 1822 με
439 1773 584 1814 Τυδέος
609 1774 703 1819 υἱός,
732 1772 951 1825 ὑπέρθυμος
977 1773 1188 1824 Διομήδης,

207 1838 331 1878 οὕνεκ’
359 1840 435 1890 ἐγὼ
461 1841 582 1890 φίλον
607 1839 690 1880 υἱὸν
716 1838 960 1891 ὑπεξέφερον
985 1839 1187 1890 πολέμοιο,

208 1906 380 1950 Αἰνείαν,
408 1905 449 1946 ὃς
475 1906 559 1955 ἐμοὶ
586 1905 742 1946 πάντων
768 1906 870 1946 πολὺ
896 1907 1088 1958 φίλτατός
1113 1908 1237 1946 ἐστιν.

207 1970 251 2010 οὐ
276 1973 352 2022 γὰρ
376 1972 431 2011 ἔτι
455 1972 601 2024 Τρώων
629 1974 690 2013 καὶ
715 1973 888 2026 Ἀχαιῶν
915 1973 1086 2025 φύλοπις
1112 1971 1212 2022 αἰνή,

208 2036 298 2076 ἀλλ’
323 2036 398 2087 ἤδη
427 2039 581 2078 Δαναοί
601 2055 647 2090 γε
673 2040 735 2079 καὶ
761 2039 993 2080 ἀθανάτοισι
1017 2038 1248 2091 μάχονται.”
1468 2043 1530 2082 380

273 2103 357 2153 Τὴν
382 2104 414 2143 δ’
439 2104 615 2155 ἠμείβετ’
642 2106 776 2146 ἔπειτα
803 2106 947 2156 Διώνη,
975 2108 1039 2146 δῖα
1064 2105 1200 2145 θεάων·

210 2170 235 2187 “
251 2169 423 2217 τέτλαθι,
449 2170 585 2211 τέκνον
611 2172 717 2222 ἐμόν,
746 2173 807 2213 καὶ
832 2171 1008 2225 ἀνάσχεο
1033 2170 1223 2222 κηδομένη
1248 2187 1333 2223 περ·

256 2269 320 2300 359
345 2260 514 2300 ἐκκόμισαί
530 2265 651 2300 bcdg
668 2263 708 2294 al.
898 2265 961 2304 363
985 2263 1034 2306 ἄρ’
1049 2274 1112 2296 om.
1133 2265 1244 2304 vulg.·
1271 2264 1346 2295 hab.
1366 2266 1492 2301 cgim
1506 2263 1534 2294 B

211 2303 238 2334 C
255 2303 296 2333 al.
421 2305 485 2343 366
511 2305 624 2346 ἐλάαν]
642 2307 756 2339 ἵππους
772 2317 792 2337 o
811 2305 867 2336 ng
985 2308 1115 2340 ἀέκοντε
1131 2319 1154 2345 q
1166 2307 1212 2338 U²
1226 2306 1272 2338 U⁶
1281 2306 1324 2338 V⁹
1335 2306 1393 2337 V¹⁰
1405 2305 1464 2338 V¹⁴
1475 2305 1536 2337 V¹⁵

211 2344 270 2376 V18
281 2344 362 2376 V²⁸z
387 2347 502 2379 ἄκοντε
524 2348 612 2388 vg.ul
764 2360 826 2389 374
853 2351 949 2382 ἐνωπί
964 2355 1018 2382 ad
1034 2352 1074 2382 al.
1093 2363 1099 2382 :
1123 2354 1213 2394 ἐνιπῇ
1231 2351 1320 2390 Ang.
1340 2361 1383 2382 SS.
1406 2349 1532 2388 M⁹P¹²,

212 2400 242 2421 v.
256 2388 275 2421 l.
296 2399 348 2429 ap.
369 2390 474 2421 schol.
495 2390 522 2421 B
659 2393 723 2432 378
749 2392 891 2433 ἐστιν]
874 2407 948 2426 εσκε
966 2394 1016 2424 Ve
