1629 2828
539 140 571 175 1.
645 134 904 172 ΙΛΙΑΔΟΣ
962 133 995 171 Α

103 240 352 295 ἁχνύμενοςττ
363 236 499 289 μένεος
524 240 564 279 δὲ
589 237 692 291 μέγα
717 237 858 290 φρένες
883 236 985 288 ἀμφὶ
1009 235 1194 287 μέλαιναι

104 305 325 358 πίμπλαντ’,
353 307 454 346 ὄσσε
479 304 522 346 δέ
546 307 582 346 οἱ
607 306 697 357 πυρὶ
720 304 994 355 λαμπετόωντι
1020 302 1161 352 ἐίκτην·

105 373 316 426 Κάλχαντα
341 372 542 424 πρώτιστα
568 371 650 412 κάκ’
676 371 895 421 ὀσσόμενος
920 368 1145 422 προσέειπε·

105 442 129 458 “
144 439 257 491 μάντι
282 442 418 484 κακῶν,
446 437 490 478 οὐ
515 438 573 479 πώ
600 436 696 479 ποτέ
718 454 785 489 μοι
808 436 852 476 τὸ
879 435 1044 488 κρήγυον
1069 434 1192 477 εἶπας·

104 507 179 547 αἰεί
201 522 260 546 τοι
284 506 331 545 τὰ
357 504 439 545 κάκ’
465 505 551 545 ἐστὶ
578 506 679 557 φίλα
705 503 825 556 φρεσὶ
849 502 1122 554 μαντεύεσθαι,

103 571 247 613 ἐσθλὸν
272 571 303 612 δ’
329 572 416 612 οὔτε
441 572 482 611 τί
503 589 561 611 πω
589 570 699 612 εἶπας
723 571 816 612 ἔπος
841 569 919 610 οὔτ’
947 569 1176 611 ἐτέλεσσας·

105 639 164 679 καὶ
189 642 255 679 νῦν
281 639 321 678 ἐν
349 641 544 678 Δαναοῖσι
569 636 818 689 θεοπροπέων
844 636 1043 688 ἀγορεύεις

104 705 153 747 ὡς
177 704 220 755 δὴ
247 704 348 745 τοῦδ’
373 704 486 745 ἕνεκά
511 710 611 756 σφιν
636 704 830 754 ἑκηβόλος
856 702 981 754 ἄλγεα
1005 701 1148 755 τεύχει,

103 770 223 812 οὕνεκ’
253 772 328 823 ἐγὼ
355 772 491 823 κούρης
515 769 737 822 Χρυσηΐδος
762 768 878 821 ἀγλά’
904 768 1045 809 ἄποινα

103 837 169 877 οὐκ
198 838 336 878 ἔθελον
361 836 561 887 δέξασθαι,
590 838 673 877 ἐπεὶ
698 835 799 877 πολὺ
825 836 1023 886 βούλομαι
1047 833 1166 884 αὐτὴν

103 906 200 944 οἴκοι
227 904 346 956 ἔχειν·
386 905 447 944 καὶ
473 903 546 955 γάρ
569 904 618 955 ῥα
644 901 993 953 Κλυταιμνήστρης
1017 899 1278 952 προβέβουλα

105 971 294 1022 κουριδίης
322 971 482 1023 ἀλόχου,
511 970 594 1010 ἐπεὶ
619 970 662 1010 οὔ
688 968 775 1009 ἑθέν
801 970 887 1008 ἐστι
911 969 1086 1021 χερείων,

103 1036 147 1076 οὐ
174 1036 291 1087 δέμας
317 1037 403 1077 οὐδὲ
429 1035 543 1088 φυήν,
571 1035 650 1076 οὔτ’
675 1035 723 1087 ἂρ
748 1035 894 1087 φρένας
919 1033 1007 1074 οὔτέ
1030 1051 1067 1073 τι
1091 1033 1198 1084 ἔργα.

105 1104 212 1143 ἀλλὰ
238 1104 299 1143 καὶ
324 1105 375 1145 ὣς
400 1102 523 1143 ἐθέλω
549 1103 707 1153 δόμεναι
732 1101 866 1147 πάλιν,
895 1102 928 1141 εἰ
953 1101 997 1140 τό
1021 1099 1056 1152 γ’
1081 1099 1253 1150 ἄμεινον·

107 1169 275 1220 βούλομ’
302 1171 378 1222 ἐγὼ
402 1168 501 1210 λαὸν
527 1173 608 1209 σῶν
634 1169 796 1219 ἔμμεναι
819 1164 842 1217 ἦ
869 1166 1102 1208 ἀπολέσθαι·

108 1235 226 1288 αὐτὰρ
253 1236 337 1287 ἐμοὶ
363 1235 478 1288 γέρας
503 1235 629 1288 αὐτίχ’
655 1233 894 1285 ἑτοιμάσατ’,
922 1235 1027 1285 ὄφρα
1049 1232 1100 1283 μὴ
1126 1232 1206 1273 οἶος

107 1301 297 1354 Ἀργείων
321 1302 537 1355 ἀγέραστος
562 1301 624 1348 ἔω,
653 1302 736 1342 ἐπεὶ
761 1301 847 1341 οὐδὲ
874 1300 988 1341 ἔοικε·

109 1369 301 1410 λεύσσετε
326 1371 399 1421 γὰρ
425 1370 469 1408 τό
493 1386 536 1420 γε
561 1367 715 1413 πάντες,
744 1368 765 1407 ὅ
787 1384 852 1418 μοι
877 1366 993 1419 γέρας
1019 1366 1174 1418 ἔρχεται
1198 1363 1342 1420 ἄλλῃ.”

175 1435 256 1476 Τὸν
282 1435 315 1476 δ’
341 1434 516 1486 ἠμείβετ’
542 1435 675 1475 ἔπειτα
699 1434 893 1485 ποδάρκης
918 1436 998 1474 δῖος
1022 1431 1247 1485 Ἀχιλλεύς·

111 1504 134 1520 “
151 1501 326 1555 Ἀτρεΐδη
358 1503 525 1547 κύδιστε,
554 1501 893 1553 φιλοκτεανώτατε
919 1499 1087 1544 πάντων,

106 1572 186 1610 πῶς
211 1568 285 1621 γάρ
311 1585 370 1608 τοι
395 1568 568 1608 δώσουσι
593 1567 709 1619 γέρας
733 1566 947 1618 μεγάθυμοι
972 1565 1145 1618 Ἀχαιοί,·

105 1634 193 1676 οὐδέ
220 1636 259 1674 τί
281 1652 353 1675 που
378 1637 486 1685 ἴδμεν
511 1632 648 1684 ξυνήϊα
673 1634 828 1684 κείμενα
852 1632 995 1673 πολλά·

114 2372 171 2402 124
193 2377 250 2396 που
267 2364 441 2404 Aristoph.
463 2364 574 2402 Sosig.
595 2362 652 2394 Ar.
673 2362 704 2392 A
722 2371 887 2402 suprascr.
909 2361 948 2391 1}
962 2359 1005 2391 R¹
1022 2360 1068 2391 R·-'
1085 2371 1092 2390 ι
1116 2372 1162 2391 πω
1180 2358 1268 2397 vulg.

1364 379 1422 410 105

1363 712 1425 734 110

1366 1045 1424 1075 115

1367 1377 1426 1399 120

107 1702 210 1741 ἀλλὰ
237 1703 284 1741 τὰ
308 1704 380 1752 μὲν
405 1701 556 1741 πολίων
581 1698 857 1751 ἐξεπράθομεν,
884 1701 931 1738 τὰ
955 1698 1152 1743 δέδασται,
1367 1709 1425 1739 125

106 1768 224 1809 λαοὺς
251 1767 282 1807 δ’
308 1767 375 1807 οὐκ
400 1767 552 1807 ἐπέοικε
576 1767 805 1817 παλίλλογα
828 1764 931 1805 ταῦτ’
957 1765 1188 1816 ἐπαγείρειν.

107 1834 210 1874 ἀλλὰ
236 1834 285 1874 σὺ
311 1836 383 1884 μὲν
408 1837 475 1874 νῦν
500 1832 615 1883 τήνδε
641 1834 713 1886 θεῷ
740 1832 868 1883 πρόες·
908 1830 1026 1882 αὐτὰρ
1052 1830 1207 1883 Ἀχαιοὶ

107 1905 249 1956 τριπλῇ
274 1900 471 1956 τετραπλῇ
501 1899 536 1939 τ’
562 1899 838 1949 ἀποτείσομεν,
865 1899 906 1937 αἴ
930 1896 973 1937 κέ
996 1899 1087 1937 ποθι
1113 1896 1211 1938 Ζεὺς

108 1968 203 2023 δῷσι
228 1967 345 2006 πόλιν
370 1967 517 2017 Τροίην
544 1965 740 2018 εὐτείχεον
766 1962 1050 2014 ἐξαλαπάξαι.”

88 2023 111 2132 s
173 2032 253 2072 Τὸν
277 2032 308 2072 δ’
336 2033 653 2083 ἀπαμειβόμενος
678 2030 863 2083 προσέφη
892 2031 1027 2082 κρείων
1054 2026 1322 2081 Ἀγαμέμνων·
1366 2041 1426 2071 130

111 2097 200 2149 “μὴ
227 2098 270 2148 δὴ
297 2100 429 2144 οὕτως,
458 2099 603 2150 ἀγαθός
627 2115 699 2150 περ
726 2098 812 2143 ἐών,
841 2095 1025 2137 θεοείκελ’
1051 2096 1253 2148 Ἀχιλλεῦ,

152 2192 211 2222 108
241 2191 426 2223 οὔτε-οὔτ’
450 2190 625 2229 Aristoph.
652 2189 711 2220 Ar.
743 2188 799 2229 (cf.
828 2188 901 2227 553χ
924 2199 930 2218 :
964 2186 1148 2219 οὔτε-οὐδ’
1172 2185 1281 2223 vulg:
1319 2184 1433 2217 οὐδέ-

109 2234 172 2266 οὺδ’
187 2238 272 2266 1)ᾰο
287 2234 319 2264 A
335 2234 376 2266 al.
486 2244 547 2264 110
571 2234 636 2264 ath.
654 2232 713 2262 Ar.
825 2241 883 2269 113
909 2230 1170 2271 κλυταιμήστρης
1185 2226 1250 2276 ᾩ30
1263 2228 1333 2260 Ve:
1359 2236 1433 2260 κλυ-

108 2277 321 2319 ταιμὶὶήστρης
337 2278 368 2308 Α
517 2287 576 2315 117
601 2277 666 2307 ath.
686 2276 768 2307 Zen.
869 2278 934 2306 σῶν
951 2273 1009 2304 Ar.
1029 2284 1034 2303 :
1061 2272 1139 2305 σάον
1155 2272 1265 2311 Apoll.
1284 2273 1326 2302 de
1344 2272 1430 2302 coni.

109 2329 180 2359 223.
201 2322 258 2352 16:
287 2321 362 2354 σόον
381 2321 495 2361 (σῶονζῚ
513 2321 602 2359 vulg.
771 2329 830 2348 122
855 2316 1152 2357 φιλοκτεανέστατε
1169 2315 1342 2355 Aristoph.
