1660 2802
642 162 675 196 5.
753 156 1011 194 ΙΛΙΑΔΟΣ
1061 158 1092 193 Ε

205 256 250 306 ἐξ
272 258 391 297 ὕπνου
418 258 576 309 γοόωσα
602 260 743 310 φίλους
769 260 902 307 οἰκῆας
928 260 1072 314 ἐγείρῃ,

205 324 394 375 κουρίδιον
421 323 621 364 ποθέουσα
647 326 780 371 πόσιν,
807 324 874 365 τὸν
900 324 1062 376 ἄριστον
1087 324 1273 379 Ἀχαιῶν,

204 391 343 442 ἰφθίμη
371 389 518 443 ἄλοχος
548 390 765 441 Διομήδεος
792 390 1064 442 ἱπποδάμοιο.”

263 455 319 496 ἲΗ
344 457 404 508 ῥα,
436 457 495 497 καὶ
525 457 797 513 ἀμφοτέρῃσιν
823 457 888 499 ἀπ’
915 459 987 511 ἰχῶ
1014 459 1145 512 χειρὸς
1170 460 1351 513 ὀμόργνυ·

202 522 344 563 ἄλθετο
371 524 471 576 χείρ,
503 525 634 564 ὀδύναι
661 526 700 564 δὲ
729 526 996 575 κατηπιόωντο
1021 529 1192 578 βαρεῖαι.

204 591 242 629 αἱ
271 589 302 629 δ’
329 589 410 629 αὖτ’
440 591 680 642 εἰσορόωσαι
707 591 895 642 Ἀθηναίη
922 609 963 632 τε
990 592 1051 632 καὶ
1069 591 1177 644 (Ἡρη

205 657 422 708 κερτομίοις
450 656 617 697 ἐπέεσσι
645 659 723 697 Δία
750 659 944 710 Κρονίδην
970 658 1155 710 ἐρέθιζον.

203 727 308 762 τοῖσι
336 725 377 762 δὲ
403 724 535 773 μύθων
563 723 659 777 ἦρχε
684 726 753 764 θεὰ
778 729 1003 776 γλαυκῶπις
1027 724 1187 776 Ἀθήνη·

205 791 228 805 “
249 792 325 829 Ζεῦ
349 789 484 842 πάτερ,
513 789 536 839 ἦ
560 790 609 842 ῥά
634 792 674 831 τί
695 808 760 841 μοι
787 792 1045 845 κεχολώσεαι,
1073 793 1158 833 ὅττί
1181 809 1246 833 κεν
1272 794 1387 841 ε’ίπω;

203 854 225 905 ἦ
251 855 358 905 μάλα
384 856 429 907 δή
457 873 545 897 τινα
574 858 721 909 Κύπρις
747 857 986 911 Ἀχαιϊάδων
1011 859 1168 899 ἀνιεῖσα

202 924 363 973 Τρωσὶν
389 923 468 974 ἅμα
496 923 683 971 σπέσθαι,
710 925 799 967 τοὺς
825 929 892 966 νῦν
917 925 1082 978 ἔκπαγλ’
1109 927 1291 978 ἐφίλησε,

202 993 279 1029 τῶν
308 1006 395 1030 τινα
422 990 661 1042 καρρέζουσα
685 991 924 1044 Ἀχαιϊάδων
951 992 1156 1033 ἐϋπέπλων

204 1055 299 1107 πρὸς
327 1057 476 1113 χρυσέῃ
507 1059 651 1113 περόνῃ
678 1058 922 1109 καταμύξατο
946 1063 1060 1112 χεῖρα
1086 1058 1262 1111 ἆραιήν.”

264 1121 342 1164 Ἳὶς
372 1122 488 1175 φάτο,
514 1124 702 1174 μείδησεν
728 1127 767 1165 δὲ
794 1125 918 1177 πατὴρ
945 1127 1095 1177 ἀνδρῶν
1120 1143 1162 1166 τε
1187 1128 1285 1166 θεῶν
1310 1143 1364 1174 τε,

204 1191 270 1229 καί
290 1190 338 1241 ῥα
368 1189 667 1241 καλεσσάμενος
693 1191 876 1244 προσέφη
901 1192 1075 1245 χρυσέην
1101 1192 1353 1245 Ἀφροδίτην·

205 1257 229 1272 “
247 1256 290 1296 οὔ
317 1273 388 1303 τοι,
417 1256 554 1297 τέκνον
581 1258 687 1308 ἐμόν,
715 1257 869 1298 δέδοται
895 1258 1089 1310 πολεμήϊα
1113 1259 1221 1311 ἔργα,

202 1323 308 1362 ἀλλὰ
333 1323 383 1363 σύ
411 1323 446 1375 γ’
473 1324 674 1376 ἱμερόεντα
697 1324 886 1378 μετέρχεο
912 1326 1006 1378 ἔργα
1032 1325 1185 1377 γάμοιο,

202 1393 320 1429 ταῦτα
345 1389 377 1429 δ’
402 1389 520 1442 ’Ἄρηϊ
546 1393 621 1445 θοῷ
650 1391 710 1430 καὶ
735 1390 881 1447 Ἀθήνῃ
908 1391 1035 1432 πάντα
1059 1391 1269 1442 μελήσει.”

262 1455 340 1498 ὸ,Ως
369 1459 403 1496 οἱ
428 1459 498 1507 μὲν
526 1461 685 1497 τοιαῦτα
712 1457 807 1509 πρὸς
832 1457 1031 1508 ἀλλήλους
1057 1460 1256 1510 ἀγόρευον,

203 1524 337 1577 Αἰνεία
362 1523 392 1563 δ’
426 1524 619 1575 ἐπόρουσε
644 1524 747 1575 βοὴν
773 1525 918 1576 ἀγαθὸς
946 1524 1157 1576 Διομήδης,

202 1590 435 1641 γιγνώσκων
463 1591 484 1629 ὅ
509 1592 543 1630 οἱ
570 1590 682 1632 αὐτὸς
709 1592 890 1644 ὑπείρεχε
915 1595 1050 1644 χεῖρας
1075 1591 1300 1632 Ἀπόλλων’

203 1656 292 1696 ἀλλ’
318 1658 340 1696 ὅ
356 1657 402 1709 ,γ’
428 1657 487 1708 ἄρ’
514 1656 601 1697 οὐδὲ
631 1657 720 1697 θεὸν
743 1656 869 1710 μέγαν
895 1658 1018 1708 ἅζετο,
1047 1659 1126 1698 ἵετο
1152 1658 1184 1698 δ’
1209 1659 1284 1699 αιέὶ

202 1724 360 1763 Αἰνείαν
389 1728 534 1764 κτεῖναι
562 1725 622 1764 καὶ
648 1724 724 1764 ἀπὸ
752 1726 872 1764 κλυτὰ
896 1726 1036 1778 τεύχεα
1062 1728 1188 1765 δῦσαι.

202 1790 282 1841 τρὶς
306 1792 378 1841 μὲν
404 1790 523 1831 ἔπειτ’
553 1792 746 1843 ἐπόρουσε
773 1791 1057 1842 κατακτάμεναι
1080 1793 1306 1843 μενεαίνων,

201 1856 282 1908 τρὶς
307 1855 350 1898 δέ
375 1859 410 1897 οἱ
439 1857 675 1911 ἐστυφέλιξε
703 1858 869 1911 φαεινὴν
896 1858 1030 1899 ἀσπίδ’
1055 1858 1279 1899 Ἀπόλλων·

201 1923 293 1963 ἀλλ’
318 1925 383 1964 ὅτε
409 1924 454 1974 δὴ
480 1925 524 1964 τὸ
549 1923 732 1978 τέταρτον
759 1924 958 1966 ἐπέσσυτο
983 1927 1136 1977 δαίμονι
1160 1925 1261 1971 ἶσος,

201 1992 308 2030 δεινὰ
333 1990 365 2030 δ’
393 1990 620 2041 ὁμοκλήσας
648 1991 831 2046 προσέφη
859 1992 1044 2044 ἑκάεργος
1068 1992 1293 2033 Ἀπόλλων·

203 2059 227 2074 “
245 2056 404 2108 φράζεο,
431 2058 608 2108 Τυδείδη,
641 2059 701 2099 καὶ
727 2059 857 2113 χάζεο,
884 2062 981 2111 μηδὲ
1008 2061 1159 2100 θεοῖσιν

201 2123 255 2163 ῗσ’
282 2123 394 2164 ἔθελε
421 2123 616 2177 φρονέειν,
644 2126 729 2166 ἐπεὶ
754 2127 797 2166 οὔ
822 2143 916 2167 ποτε
943 2130 1071 2179 φῦλον
1097 2127 1232 2177 ὁμοῖον

201 2189 405 2230 ἀθανάτων
430 2207 473 2231 τε
500 2194 597 2231 θεῶν
623 2193 745 2245 χαμαὶ
771 2193 995 2246 ἐρχομένων
1020 2193 1052 2233 τ’
1079 2191 1334 2245 ἆνθρώπων.”

262 2255 341 2299 ΔΩς
367 2256 483 2309 φάτο,
511 2258 698 2308 Τυδείδης
724 2259 757 2299 δ’
785 2259 996 2313 ἀνεχάζετο
1021 2259 1161 2300 τυτθὸν
1187 2259 1358 2305 ὀπίσσω,

243 2349 308 2386 416
332 2349 394 2389 ἰχῶ
408 2359 459 2380 ac
471 2347 575 2397 eqp¹
592 2349 619 2380 B
637 2349 677 2382 al.
696 2362 702 2381 :
727 2351 806 2391 ἰχὼρ
823 2351 911 2390 vulg.
1024 2353 1139 2393 χερσὶν
1155 2351 1236 2383 zen.

1467 408 1531 439 415

1465 741 1531 772 420

1468 1074 1531 1105 425

1468 1407 1532 1438 430

1466 1740 1529 1771 435

1461 2073 1528 2103 440

1386 2362 1450 2391 423
1475 2351 1525 2392 ἅμ’

199 2390 353 2424 ἕσπεσθαι
371 2403 390 2423 c
403 2391 476 2440 ΡᾩῚ
497 2391 538 2422 al.
658 2395 721 2432 428
746 2394 860 2426 τέκνον
877 2394 962 2434 ἐμόν,
982 2397 1018 2427 οὔ
1034 2408 1084 2427 τοι
1101 2395 1171 2427 Cic.
1189 2396 1231 2426 ad
1248 2395 1319 2426 Att.
1337 2395 1402 2427 xiv.
1426 2406 1473 2436 13.
1493 2406 1522 2433 2,

201 2434 284 2466 Plut.
304 2435 344 2466 de
361 2436 438 2467 aud.
463 2440 548 2475 poet.
566 2437 637 2475 36a
783 2448 846 2477 443
870 2439 986 2470 τυτθὸν
1001 2438 1062 2470 Ar.
1081 2439 1178 2471 codd.
1197 2450 1204 2469 :
1228 2440 1350 2471 πολλὸν
1367 2450 1395 2470 ν.
1416 2439 1436 2470 l.
1456 2444 1523 2471 ant.
