1660 2802
647 122 705 158 11.
779 118 1036 157 ΙΛΙΑΔΟΣ
1083 120 1117 157 Λ

213 218 333 271 οἴχετ’
359 218 455 270 ἀνὴρ
482 220 661 270 ὤριστος,
690 221 775 271 ἐμοὶ
801 223 841 261 δὲ
867 220 954 273 μέγ’
981 221 1094 274 εῧχος
1119 222 1238 263 ἔδωκε

213 285 310 326 Ζεὺς
338 287 541 336 Κρονίδης·
580 286 670 326 ἀλλ’
698 287 779 329 ἰθὺς
806 287 991 328 ἐλαύνετε
1015 289 1200 342 μώνυχας
1225 291 1366 333 ἵππους

213 352 385 402 ἰφθίμων
411 356 592 398 Δαναῶν,
621 353 668 393 ἵν’
694 353 908 407 ὑπέρτερον
935 354 1050 407 εὖχος
1075 355 1264 407 ἄρησθε.”
1475 371 1539 402 290

273 416 352 460 Ἲὶς
377 419 496 459 εἰπὼν
522 420 666 471 ὤτρυνε
691 419 807 470 μένος
834 422 895 461 καὶ
921 421 1042 472 θυμὸν
1068 422 1248 463 ἑκάστου.

212 484 262 526 ὡς
288 484 319 524 δ’
345 486 409 525 ὅτε
435 486 510 525 πού
533 503 590 528 τις
616 487 785 538 θηρητὴρ
812 487 927 530 κύνας
953 489 1208 540 ἀργιόδοντας

213 551 308 607 σεύῃ
335 551 394 591 ἐπ’
419 552 617 607 ἀγροτέρῳ
644 553 711 593 συῒ
736 554 883 608 καπρίῳ
911 554 955 604 ἠὲ
980 554 1126 602 λέοντι,

212 618 261 659 ὣς
287 617 347 658 ἐπ’
374 617 600 672 Ἀχαιοῖσιν
626 623 716 660 σεῦε
740 623 878 671 Τρῶας
902 621 1149 673 μεγαθύμους

203 683 361 735 (Έκτωρ
388 686 619 736 Πριαμίδης,
647 691 896 741 βροτολοιγῷ
924 687 1012 729 ἶσος
1031 687 1162 740 ’Ἄρηἰζ
1477 702 1537 735 295

211 750 326 792 αὐτὸς
351 750 384 790 δ’
410 753 452 792 ἐν
479 752 669 804 πρώτοισι
693 752 796 805 μέγα
822 753 1004 805 φρονέων
1029 753 1234 805 ἐβεβήκει,

211 818 253 858 ἐν
278 816 310 857 δ’
336 817 446 859 ἕπεσ’
472 819 616 875 ὑσμίνῃ
641 819 800 872 ὑπεραέϊ
824 820 913 863 ἶσος
940 820 1079 877 ἀέλλῃ,

210 884 235 934 ἥ
259 901 300 925 τε
327 884 600 936 καθαλλομένη
628 886 770 927 ἰοειδέα
797 887 941 928 πόντον
968 888 1100 940 ὀρίνει.

270 950 399 992 ’Ένθα
424 953 511 992 τίνα
536 957 702 1004 πρῶτον,
730 953 816 994 τίνα
841 953 873 993 δ’
898 955 1072 995 ὕστατον
1099 952 1318 1007 ἐξενάριξεν

204 1016 361 1070 Ἕκτωρ
388 1020 618 1070 Πριαμίδης,
645 1021 710 1061 ὅτε
736 1022 771 1060 οἱ
798 1020 894 1062 Ζεὺς
921 1025 1031 1063 κῦδος
1057 1022 1220 1068 ἕδωκεν,·
1476 1035 1539 1066 300

211 1084 376 1125 Ἀσαῖον
400 1087 471 1136 μὲν
497 1090 630 1138 πρῶτα
656 1088 716 1127 καὶ
744 1087 941 1128 Αὐτόνοον
968 1089 1030 1129 καὶ
1054 1087 1233 1138 Ὀπίτην,

213 1152 273 1191 καὶ
295 1152 463 1192 Δόλοπα
489 1154 686 1203 Κλυτίδην
713 1155 774 1194 καὶ
800 1153 1018 1206 Ὀφέλτιον
1042 1154 1101 1205 ἠδ’
1125 1153 1333 1207 Ἀγέλαον,

212 1219 414 1269 Αἴσυμνόν
439 1219 472 1258 τ’
492 1218 622 1271 Ἷὶρόν
647 1237 687 1262 τε
715 1221 775 1260 καὶ
801 1219 1011 1261 Ἱππόνοον
1035 1221 1300 1274 μενεχάρμην.

210 1284 298 1326 τοὺς
323 1284 382 1336 ἄρ’
408 1286 429 1325 ὅ
453 1285 489 1337 γ’
516 1286 709 1338 ἡγεμόνας
737 1291 904 1327 Δαναῶν
929 1288 1032 1333 ἕλεν,
1060 1288 1180 1340 αὐτὰρ
1207 1289 1342 1329 ἔπειτα

211 1352 376 1402 πληθύν,
405 1352 455 1394 ὡς
481 1353 597 1393 ὁπότε
622 1353 747 1405 νέφεα
773 1353 950 1405 Ζέφυρος
976 1353 1198 1410 στυφελίξῃ
1474 1368 1536 1400 305

211 1418 408 1470 ἀργεστᾶο
435 1420 594 1465 Νότοιο,
621 1421 766 1476 βαθείῃ
790 1422 958 1461 λαίλαπι
983 1421 1150 1461 τύπτων·

212 1485 364 1525 πολλὸν
390 1487 430 1525 δὲ
455 1487 574 1537 τρόφι
601 1490 700 1536 κῦμα
727 1488 958 1533 κυλίνδεται,
986 1488 1119 1540 ὑψόσε
1145 1487 1177 1527 δ’
1203 1487 1304 1541 ἄχνη

211 1552 415 1592 σκίδναται
440 1551 485 1602 ἐξ
508 1552 668 1602 ἀνέμοιο
695 1553 1020 1606 πολυπλάγκτοιο
1047 1556 1151 1604 ἰωῆς·

211 1618 261 1659 ὣς
285 1618 360 1669 ἄρα
385 1621 509 1659 πυκνὰ
536 1618 695 1671 καρήαθ’
722 1620 789 1672 ὑφ’
810 1619 973 1672 ’Έκτορι
1001 1621 1174 1671 δάμνατο
1198 1624 1320 1661 λαῶν.

272 1684 399 1724 ’Ένθα
426 1703 465 1726 κε
490 1685 626 1737 λοιγὸς
651 1686 719 1736 ἔην
746 1688 807 1727 καὶ
833 1686 1017 1740 ἀμήχανα
1041 1687 1136 1739 ἔργα
1162 1686 1339 1739 γένοντο,
1474 1699 1538 1730 310

212 1751 277 1791 καί
299 1752 344 1791 νύ
370 1769 434 1792 κεν
459 1754 501 1792 ἐν
526 1752 671 1803 νήεσσι
696 1752 822 1794 πέσον
847 1755 1063 1806 φεύγοντες
1087 1754 1258 1808 Ἀχαιοί,

211 1819 244 1857 εἰ
268 1818 320 1867 μὴ
345 1818 510 1874 Τυδεΐδῃ
538 1818 726 1869 Διομήδεϊ
752 1820 902 1861 κέκλετ’
927 1820 1160 1862 Ὀδυσσεύς·

213 1887 236 1901 “
253 1884 431 1935 Τυδείδη,
458 1887 499 1925 τί
519 1887 689 1927 παθόντε
715 1886 948 1938 λελάσμεθα
974 1887 1150 1939 θούριδος
1175 1888 1317 1938 ἇλκῆς;

211 1950 301 1990 ἀλλ’
326 1950 397 2003 ἄγε
421 1954 545 2003 δεῦρο,
574 1952 714 1999 πέπον,
742 1953 831 2005 παρ’
858 1953 916 2004 ἔμ’
942 1955 1100 1994 ἵστασο·
1141 1953 1186 2004 δὴ
1212 1955 1287 2006 γὰρ
1313 1952 1481 2006 ἔλεγχος

211 2017 374 2058 ἔσσεται
401 2020 437 2058 εἴ
460 2036 525 2058 κεν
550 2021 644 2069 νῆας
671 2020 743 2076 ἕλῃ
769 2022 1023 2072 κορυθαίολος
1040 2019 1239 2072 (Ἐκτωρ.”
1474 2031 1535 2062 315

276 2084 358 2124 Τὸν
383 2084 416 2124 δ’
443 2086 763 2137 ἀπαμειβόμενος
788 2086 973 2138 προσέφη
1004 2087 1186 2139 κρατερὸς
1214 2084 1429 2137 Διομήδης·

250 2189 313 2218 290
338 2177 500 2219 ὑπέρτεροι
518 2177 597 2210 An:
624 2177 802 2220 ὑπέρτατον
820 2177 865 2208 U¹
1002 2188 1063 2217 297
1089 2177 1218 2219 ὑπεραέϊ
1232 2178 1291 2209 Ar.
1310 2178 1405 2209 codd.
1425 2189 1432 2208 t
1457 2176 1534 2219 ὑπὲρ

206 2224 312 2263 οὔρεος
329 2232 359 2252 v.
373 2221 392 2250 1.
411 2226 480 2252 ant.
606 2232 671 2259 300
695 2225 898 2263 βροτολοιγῷ
915 2222 984 2254 ἶσος
997 2222 1091 2263 ΙἈρηϊ
1104 2221 1135 2251 Α
1149 2221 1197 2252 M*¹
1211 2220 1273 2252 Μ12
1285 2222 1313 2252 T
1325 2220 1372 2252 U²
1388 2220 1446 2251 V¹⁴¹

206 2268 319 2306 ὤρεξεν
344 2263 403 2295 V1²
595 2275 658 2303 305
693 2267 828 2307 Ζέφυρος
854 2266 952 2306 νέφεα
983 2265 1036 2296 cit.
1067 2265 1175 2296 Strab.
1207 2275 1258 2305 29,
1278 2275 1297 2296 c
1314 2269 1380 2302 gh
1404 2264 1444 2295 al.

205 2319 270 2347 309
295 2308 416 2349 κάρηνα
432 2312 458 2338 12
600 2318 662 2346 314
686 2310 782 2340 ‘lo-mo
801 2309 881 2339 Zeu.
902 2307 961 2339 Ar.
981 2309 1035 2347 (ad
1055 2313 1079 2339 K
1096 2309 1174 2348 291)
1344 2318 1408 2348 3¹5
1433 2310 1463 2339 εἴ
1478 2321 1532 2340 κεν

205 2355 310 2427 ’(Γὶριῖὶεῗ1
324 2350 509 2425 (immam)
526 2354 600 2389 νῆας
620 2352 716 2383 ἕλωσι
734 2363 764 2382 v.
778 2352 797 2383 1.
819 2357 884 2383 ant.
905 2352 989 2392 gsch.
1011 2351 1053 2393 T)
1151 2353 1315 2391 316a=B
1337 2361 1407 2391 173,
1422 2349 1470 2382 M*
1484 2350 1532 2382 M⁰

247 2402 253 2413 ¹
308 2402 311 2412 *
328 2406 367 2426 a.
