1629 2828
16 2060 22 2285 ὴ-ψ-ρκρη
15 1915 21 2052 mm
14 1881 19 1903 v
12 1550 20 1870 W:

529 141 564 176 2.
638 136 900 174 ΙΛΙΑΔΟΣ
971 137 1002 173 Β

112 240 163 293 μή
187 256 224 280 τι
247 237 531 292 χολωσάμενος
554 236 647 294 ῥέξῃ
675 238 792 278 κακὸν
816 239 900 280 υἷας
926 237 1114 290 Ἀχαιῶν·

114 305 228 357 θυμὸς
251 307 293 345 δὲ
317 304 438 356 μέγας
463 305 551 345 ἐστὶ
576 302 816 357 διοτρεφέων
840 302 1063 355 βασιλήων,

112 372 200 424 τιμὴ
226 371 258 412 δ’
284 373 324 412 ἐκ
351 371 447 412 Διός
471 372 571 416 ἐστι,
600 374 713 422 φιλεῖ
735 370 777 411 δέ
801 372 819 410 ἑ
843 371 1005 421 μητίετα
1030 369 1166 411 Ζεύς.”

172 436 250 478 Ὃν
275 436 307 477 δ’
334 437 380 477 αῧ
406 435 527 487 δήμου
552 436 585 476 τ’
611 436 732 488 ἄνδρα
756 438 832 477 ἴδοι
856 436 1039 487 βοόωντά
1063 436 1096 476 τ’
1123 436 1297 489 ἐφεύροι,

113 505 179 546 τὸν
205 502 388 557 σκήπτρῳ
415 503 643 543 ἐλάσασκεν
668 501 949 553 ὁμοκλήσασκέ
973 520 1015 543 τε
1039 502 1159 557 μύθῳ·

115 574 139 590 “
155 569 332 621 δαιμόνι’,
359 569 526 621 ἀτρέμας
550 569 628 620 ἧσο
655 570 716 610 καὶ
742 569 876 610 ἄλλων
900 571 1023 620 μῦθον
1048 568 1174 614 ἄκουε,

113 638 148 678 οἳ,
173 635 242 677 σέο
266 635 451 688 φέρτεροί
475 637 565 682 εἶσι,
593 635 643 676 σὺ
668 635 700 676 δ’
726 636 948 686 ἀπτόλεμος
975 636 1037 676 καὶ
1061 635 1236 681 ἄναλκις,

114 703 199 744 οὔτε
224 702 309 743 ποτ’
338 704 378 743 ἐν
404 700 564 757 πολέμῳ
591 704 813 754 ἐναρίθμιος
837 701 916 742 οὔτ’
942 702 999 742 ἐνὶ
1024 706 1165 758 βουλῇ.

114 770 157 811 οὐ
179 768 250 820 μέν
274 786 356 811 πως
381 768 524 811 πάντες
549 769 851 820 βασιλεύσομεν
876 767 1004 808 ἐνθάδ’
1029 767 1198 822 Ἀχαιοί·

114 835 180 875 οὐκ
205 835 351 887 ἀγαθὸν
377 835 669 886 πολυκοιρανίη·
708 836 762 876 εἷς
789 836 964 887 κοίρανος
989 834 1106 880 ἔστω,

115 903 169 944 εἷς
193 902 400 952 βασιλεύς,
430 900 458 956 ᾧ
477 902 595 942 ἔδωκε
622 901 774 954 Κρόνου
799 899 890 942 πάϊς
915 898 1194 953 ἀγκυλομήτεω

112 968 312 1019 σκῆπτρόν
336 967 369 1007 τ’
393 968 461 1018 ἠδὲ
487 968 689 1019 θέμιστας,
716 968 782 1008 ἵνα
809 968 931 1019 σφίσι
956 963 1217 1019 βουλεύῃσι.”

169 1029 248 1072 ᾼΩς
273 1031 295 1070 ὅ
319 1047 363 1082 γε
390 1029 598 1082 κοιρανέων
623 1031 733 1070 δίεπε
757 1029 940 1081 στρατόν·
979 1031 1014 1069 οἱ
1040 1028 1072 1069 δ’
1098 1027 1290 1082 ἀγορήνδε

111 1098 216 1138 αὖτις
241 1097 505 1137 ἐπεσσεύοντο
530 1100 628 1137 νεῶν
652 1095 728 1136 ἄπο
754 1097 815 1136 καὶ
842 1094 1034 1135 κλισιάων

111 1163 198 1219 ἠχῇ,
227 1163 278 1204 ὡς
302 1164 367 1203 ὅτε
392 1166 491 1213 κῦμα
515 1163 839 1214 πολυφλοίσβοιο
865 1160 1073 1210 θαλάσσης

112 1231 278 1288 αἰγιαλῷ
303 1227 462 1283 μεγάλῳ
486 1228 689 1281 βρέμεται,
717 1231 917 1279 σμαραγεῖ
939 1226 981 1267 δέ
1005 1243 1047 1267 τε
1072 1226 1226 1268 πόντος.
1245 1239 1264 1250 ’·

172 1294 319 1335 ’Ἄλλοι
343 1293 414 1346 μέν
437 1294 476 1346 ῥ’
503 1295 649 1344 ἕζοντο,
678 1292 861 1346 ἐρήτυθεν
885 1295 926 1334 δὲ
953 1292 1036 1333 καθ’
1067 1293 1192 1345 ἕδρας·

114 1363 313 1414 Θερσίτης
338 1361 370 1401 δ’
397 1361 454 1401 ἔτι
477 1364 617 1412 μοῦνος
642 1359 885 1412 ἀμετροεπὴς
911 1357 1072 1414 ἐκολῴα,

113 1428 155 1470 ὅς
177 1427 217 1479 ῥ’
243 1428 338 1468 ἔπεα
363 1427 509 1480 φρεσὶν
532 1426 623 1483 ᾗσιν
648 1426 804 1477 ἄκοσμά
826 1443 867 1467 τε
892 1425 1025 1466 πολλά
1050 1442 1091 1466 τε
1115 1424 1197 1481 ᾕδη,

114 1493 215 1546 μάψ,
243 1494 339 1546 ἀτὰρ
364 1493 409 1534 οὗ
435 1495 530 1534 κατὰ
555 1493 716 1544 κόσμον,
744 1492 958 1545 ἐριζέμεναι
980 1495 1237 1543 βασιλεῦσιν,

115 1559 204 1600 ἀλλ’
230 1560 251 1599 ὅ
274 1577 311 1600 τι
336 1562 372 1600 οἱ
398 1561 548 1600 εἴσαιτο
573 1559 747 1611 γελοίϊον
771 1558 1013 1610 Ἀργείοισιν

115 1626 289 1677 ἔμμεναι·
328 1627 537 1679 αἴσχιστος
561 1627 602 1665 δὲ
627 1624 723 1677 ἀνὴρ
747 1625 822 1665 ὑπὸ
840 1623 967 1665 Ἴλιον
991 1623 1101 1674 ἦλθε·

115 1692 266 1744 φολκὸς
291 1692 370 1742 ἔην,
398 1691 530 1745 χωλὸς
555 1691 588 1731 δ’
613 1691 746 1742 ἕτερον
771 1692 883 1732 πόδα·
921 1691 973 1731 τὼ
998 1690 1040 1731 δέ
1064 1692 1100 1731 οἱ
1125 1690 1214 1741 ὤμω

117 1759 252 1810 κυρτώ,
279 1759 342 1798 ἐπὶ
367 1761 512 1809 στῆθος
538 1758 798 1810 συνοχωκότε·
836 1756 956 1808 αὐτὰρ
981 1757 1123 1808 ὕπερθε

118 1822 238 1876 φοξὸς
264 1823 331 1874 ἔην
358 1823 549 1876 κεφαλήν,
576 1823 704 1876 ψεδνὴ
730 1823 763 1863 δ’
789 1821 1000 1873 ἐπενήνοθε
1025 1822 1169 1876 λάχνη.

119 1890 303 1944 ἔχθιστος
329 1889 361 1930 δ’
386 1890 549 1943 Ἀχιλῆϊ
571 1889 733 1940 μάλιστ’
759 1888 807 1939 ἦν
831 1889 890 1939 ἠδ’
916 1888 1096 1939 Ὀδυσῆϊ·

118 1957 171 1996 τὼ
196 1958 268 2008 γὰρ
293 1957 519 1997 νεικείεσκε·
557 1955 637 1996 τότ’
663 1954 744 1995 αὖτ’
769 1954 1031 2007 Ἀγαμέμνονι
1057 1956 1124 2008 δίῳ

119 2019 210 2071 ὀξέα
235 2023 432 2073 κεκληγὼς
455 2021 541 2073 λέγ’
565 2023 729 2062 ὀνείδεα·
766 2025 818 2075 τῷ
843 2021 875 2061 δ’
901 2021 958 2073 ἄρ’
983 2020 1140 2073 Ἀχαιοὶ

119 2087 324 2139 ἐκπάγλως
350 2087 529 2128 κοτέοντο
552 2087 798 2138 νεμέσσηθέν
822 2086 856 2126 τ’
881 2088 938 2128 ἐνὶ
963 2089 1082 2140 θυμῷ.

120 2152 239 2205 αὐτὰρ
264 2154 284 2193 ὁ
307 2155 435 2204 μακρὰ
458 2157 567 2204 βοῶν
591 2152 866 2205 Ἀγαμέμνονα
889 2154 1014 2193 νείκεε
1038 2152 1159 2205 μύθῳ·

1372 253 1432 285 195

1372 583 1436 605 200

1374 912 1435 942 205

1372 1240 1434 1262 210

1375 1571 1434 1601 215

1377 1902 1438 1924 220

162 2244 223 2283 196
246 2242 436 2284 διοτρεφέων
458 2243 626 2282 Βασιλήων
650 2243 703 2275 cit.
723 2243 827 2274 Arist.
857 2243 942 2273 rhet.
972 2242 1003 2273 ii.
1024 2252 1053 2278 2,
1074 2241 1152 2272 Zen.
1179 2239 1364 2278 dghiVi2
1380 2240 1440 2272 al.:

119 2286 298 2328 διοτρεφέος
315 2289 473 2325 βασιλῆος
491 2286 549 2318 ΑΓ.
568 2291 621 2318 ab
631 2297 649 2317 ο
661 2286 693 2317 Α
709 2286 736 2316 Β
748 2287 774 2317 C
785 2286 813 2316 T
909 2286 968 2324 198
992 2284 1023 2316 τ’
1038 2294 1103 2315 om.
1116 2295 1135 2314 e
1147 2284 1174 2314 B
1187 2284 1215 2314 T
1227 2283 1258 2314 A
1268 2294 1352 2315 corr.

118 2338 180 2367 204
204 2333 306 2370 αγαθη
321 2327 382 2374 15⁴⁰
501 2338 565 2368 205
590 2342 707 2369 -μητης
725 2329 823 2360 inser.
845 2328 933 2366 J.H.
951 2328 984 2357 S.
1003 2327 1071 2358 xxi.
1092 2327 1155 2366 289
1276 2328 1341 2357 206
1365 2326 1438 2357 hab.

118 2376 301 2409 abcghq
317 2373 382 2403 Dio
399 2371 522 2412 Chrys.
547 2382 572 2403 1.
595 2382 628 2402 11
646 2383 652 2402 ε
677 2382 740 2404 om.
763 2376 826 2402 cet.
952 2369 1127 2411 βουλεύῃσι
1146 2369 1211 2400 Dio
1232 2369 1288 2408 (cs.
1321 2374 1333 2400 1
1356 2369 1414 2410 99)
1433 2380 1440 2399 :

121 2414 274 2456 βασιλεύῃ
293 2415 389 2447 codd.
503 2425 655 2455 220-223
680 2416 746 2446 ath.
767 2414 847 2446 Zen.
967 2423 1028 2452 224
1053 2412 1153 2454 βοῶν]
1173 2415 1268 2450 βιβὰς
1286 2424 1309 2450 p
1324 2412 1367 2444 al.
