<?xml version="1.0" encoding="UTF-8"?>
<!DOCTYPE html PUBLIC "-//W3C//DTD XHTML 1.0 Transitional//EN"
    "http://www.w3.org/TR/xhtml1/DTD/xhtml1-transitional.dtd">
<html xmlns="http://www.w3.org/1999/xhtml" xml:lang="en" lang="en">
 <head>
  <title>
</title>
<meta http-equiv="Content-Type" content="text/html;charset=utf-8" />
  <meta name='ocr-system' content='tesseract 3.04.00' />
  <meta name='ocr-capabilities' content='ocr_page ocr_carea ocr_par ocr_line ocrx_word'/>
</head>
<body>
  <div class='ocr_page' id='page_1' title='image "./operarecognoveru01homeuoft_0157.png"; bbox 0 0 1624 2802; ppageno 0'>
   <div class='ocr_carea' id='block_1_1' title="bbox 560 128 1008 168">
    <p class='ocr_par' dir='ltr' id='par_1_1' title="bbox 560 128 1008 168">
     <span class='ocr_line' id='line_1_1' title="bbox 560 128 1008 168; baseline -0.009 0"><span class='ocrx_word' id='word_1_1' title='bbox 560 134 596 168; x_wconf 85' lang='lat'>5.</span> <span class='ocrx_word' id='word_1_2' title='bbox 670 128 928 166; x_wconf 83' lang='grc' dir='ltr'><strong>ΙΛΙΑΔΟΣ</strong></span> <span class='ocrx_word' id='word_1_3' title='bbox 978 129 1008 164; x_wconf 87' lang='lat' dir='ltr'>E</span> 
     </span>
    </p>
   </div>
   <div class='ocr_carea' id='block_1_2' title="bbox 126 228 1261 809">
    <p class='ocr_par' dir='ltr' id='par_1_2' title="bbox 126 228 1261 481">
     <span class='ocr_line' id='line_1_2' title="bbox 126 228 1118 282; baseline -0.001 -12"><span class='ocrx_word' id='word_1_4' title='bbox 126 230 334 270; x_wconf 87' lang='grc' dir='ltr'>δαίνυσθαί</span> <span class='ocrx_word' id='word_1_5' title='bbox 352 246 419 280; x_wconf 92' lang='grc' dir='ltr'>μιν</span> <span class='ocrx_word' id='word_1_6' title='bbox 444 228 598 282; x_wconf 82' lang='grc' dir='ltr'>ἄνωγον</span> <span class='ocrx_word' id='word_1_7' title='bbox 623 231 681 271; x_wconf 80' lang='grc' dir='ltr'>ἐνὶ</span> <span class='ocrx_word' id='word_1_8' title='bbox 705 229 937 281; x_wconf 87' lang='grc' dir='ltr'>μεγάροισιν</span> <span class='ocrx_word' id='word_1_9' title='bbox 963 229 1118 279; x_wconf 82' lang='grc' dir='ltr'>ἕκηλον·</span> 
     </span>
     <span class='ocr_line' id='line_1_3' title="bbox 126 295 1261 349; baseline 0 -13"><span class='ocrx_word' id='word_1_10' title='bbox 126 296 244 347; x_wconf 83' lang='grc' dir='ltr'>αὐτὰρ</span> <span class='ocrx_word' id='word_1_11' title='bbox 268 296 288 334; x_wconf 89' lang='grc' dir='ltr'>ὁ</span> <span class='ocrx_word' id='word_1_12' title='bbox 313 296 433 346; x_wconf 86' lang='grc' dir='ltr'>θυμὸν</span> <span class='ocrx_word' id='word_1_13' title='bbox 458 296 562 349; x_wconf 80' lang='grc' dir='ltr'>ἔχων</span> <span class='ocrx_word' id='word_1_14' title='bbox 587 296 631 336; x_wconf 83' lang='grc' dir='ltr'>ὃν</span> <span class='ocrx_word' id='word_1_15' title='bbox 658 297 856 347; x_wconf 86' lang='grc' dir='ltr'>καρτερόν,</span> <span class='ocrx_word' id='word_1_16' title='bbox 886 296 937 337; x_wconf 83' lang='grc' dir='ltr'>ὡς</span> <span class='ocrx_word' id='word_1_17' title='bbox 961 295 1005 336; x_wconf 84' lang='grc' dir='ltr'>τὸ</span> <span class='ocrx_word' id='word_1_18' title='bbox 1029 295 1151 346; x_wconf 82' lang='grc' dir='ltr'>πάρος</span> <span class='ocrx_word' id='word_1_19' title='bbox 1176 311 1261 347; x_wconf 86' lang='grc' dir='ltr'>περ,</span> 
     </span>
     <span class='ocr_line' id='line_1_4' title="bbox 128 361 1155 414; baseline -0.001 -12"><span class='ocrx_word' id='word_1_20' title='bbox 128 362 282 414; x_wconf 79' lang='grc' dir='ltr'>κούρους</span> <span class='ocrx_word' id='word_1_21' title='bbox 308 363 511 412; x_wconf 84' lang='grc' dir='ltr'>Καδμείων</span> <span class='ocrx_word' id='word_1_22' title='bbox 536 363 805 414; x_wconf 78' lang='grc' dir='ltr'>προκαλίζετο,</span> <span class='ocrx_word' id='word_1_23' title='bbox 833 361 961 402; x_wconf 88' lang='grc' dir='ltr'>πάντα</span> <span class='ocrx_word' id='word_1_24' title='bbox 987 361 1020 402; x_wconf 86' lang='grc' dir='ltr'>δ’</span> <span class='ocrx_word' id='word_1_25' title='bbox 1045 363 1155 403; x_wconf 85' lang='grc' dir='ltr'>ἐνίκα</span> 
     </span>
     <span class='ocr_line' id='line_1_5' title="bbox 129 422 976 481; baseline -0.004 -14"><span class='ocrx_word' id='word_1_26' title='bbox 129 429 295 481; x_wconf 79' lang='grc' dir='ltr'>ῥηϊδίως·</span> <span class='ocrx_word' id='word_1_27' title='bbox 332 428 416 476; x_wconf 85' lang='grc' dir='ltr'>τοίη</span> <span class='ocrx_word' id='word_1_28' title='bbox 443 427 478 466; x_wconf 83' lang='grc' dir='ltr'>οἱ</span> <span class='ocrx_word' id='word_1_29' title='bbox 504 424 608 477; x_wconf 84' lang='grc' dir='ltr'>ἐγὼν</span> <span class='ocrx_word' id='word_1_30' title='bbox 635 423 890 477; x_wconf 88' lang='grc' dir='ltr'>ἐπιτάρροθος</span> <span class='ocrx_word' id='word_1_31' title='bbox 915 422 976 474; x_wconf 79' lang='grc' dir='ltr'>ἦα.</span> 
     </span>
    </p>

    <p class='ocr_par' dir='ltr' id='par_1_3' title="bbox 127 490 1259 675">
     <span class='ocr_line' id='line_1_6' title="bbox 127 490 1259 543; baseline 0.002 -14"><span class='ocrx_word' id='word_1_32' title='bbox 127 491 191 531; x_wconf 87' lang='grc' dir='ltr'>σοὶ</span> <span class='ocrx_word' id='word_1_33' title='bbox 215 490 247 530; x_wconf 85' lang='grc' dir='ltr'>δ’</span> <span class='ocrx_word' id='word_1_34' title='bbox 271 490 357 540; x_wconf 85' lang='grc' dir='ltr'>ἤτοι</span> <span class='ocrx_word' id='word_1_35' title='bbox 379 493 451 541; x_wconf 81' lang='grc' dir='ltr'>μὲν</span> <span class='ocrx_word' id='word_1_36' title='bbox 476 491 554 543; x_wconf 86' lang='grc' dir='ltr'>ἐγὼ</span> <span class='ocrx_word' id='word_1_37' title='bbox 579 490 683 543; x_wconf 89' lang='grc' dir='ltr'>παρά</span> <span class='ocrx_word' id='word_1_38' title='bbox 708 491 741 530; x_wconf 86' lang='grc' dir='ltr'>θ’</span> <span class='ocrx_word' id='word_1_39' title='bbox 767 492 928 542; x_wconf 87' lang='grc' dir='ltr'>ἵσταμαι</span> <span class='ocrx_word' id='word_1_40' title='bbox 952 491 1020 541; x_wconf 79' lang='grc' dir='ltr'>ἡδὲ</span> <span class='ocrx_word' id='word_1_41' title='bbox 1046 490 1259 543; x_wconf 84' lang='grc' dir='ltr'>φυλάσσω,</span> 
     </span>
     <span class='ocr_line' id='line_1_7' title="bbox 129 556 1177 610; baseline 0.001 -14"><span class='ocrx_word' id='word_1_42' title='bbox 129 558 195 597; x_wconf 89' lang='grc' dir='ltr'>καί</span> <span class='ocrx_word' id='word_1_43' title='bbox 214 574 261 597; x_wconf 92' lang='grc' dir='ltr'>σε</span> <span class='ocrx_word' id='word_1_44' title='bbox 286 556 540 609; x_wconf 83' lang='grc' dir='ltr'>προφρονέως</span> <span class='ocrx_word' id='word_1_45' title='bbox 567 556 729 608; x_wconf 81' lang='grc' dir='ltr'>κέλομαι</span> <span class='ocrx_word' id='word_1_46' title='bbox 752 557 939 607; x_wconf 83' lang='grc' dir='ltr'>Τρώεσσι</span> <span class='ocrx_word' id='word_1_47' title='bbox 963 556 1177 610; x_wconf 89' lang='grc' dir='ltr'>μάχεσθαι·</span> 
     </span>
     <span class='ocr_line' id='line_1_8' title="bbox 127 620 1065 675; baseline 0.001 -12"><span class='ocrx_word' id='word_1_48' title='bbox 127 622 231 663; x_wconf 86' lang='grc' dir='ltr'>ἀλλά</span> <span class='ocrx_word' id='word_1_49' title='bbox 255 640 326 663; x_wconf 90' lang='grc' dir='ltr'>σευ</span> <span class='ocrx_word' id='word_1_50' title='bbox 348 620 371 673; x_wconf 82' lang='grc' dir='ltr'>ἢ</span> <span class='ocrx_word' id='word_1_51' title='bbox 400 623 567 674; x_wconf 84' lang='grc' dir='ltr'>κάματος</span> <span class='ocrx_word' id='word_1_52' title='bbox 593 622 763 674; x_wconf 81' lang='grc' dir='ltr'>πολυάϊξ</span> <span class='ocrx_word' id='word_1_53' title='bbox 783 628 872 675; x_wconf 85' lang='grc' dir='ltr'>γυῖα</span> <span class='ocrx_word' id='word_1_54' title='bbox 896 623 1065 670; x_wconf 82' lang='grc' dir='ltr'>δέδυκεν,</span> 
     </span>
    </p>

    <p class='ocr_par' dir='ltr' id='par_1_4' title="bbox 126 689 1207 809">
     <span class='ocr_line' id='line_1_9' title="bbox 127 689 1207 743; baseline 0 -14"><span class='ocrx_word' id='word_1_55' title='bbox 127 689 150 740; x_wconf 87' lang='grc' dir='ltr'><em>ἤ</em></span> <span class='ocrx_word' id='word_1_56' title='bbox 174 689 219 730; x_wconf 84' lang='grc' dir='ltr'>νύ</span> <span class='ocrx_word' id='word_1_57' title='bbox 243 689 291 729; x_wconf 83' lang='grc' dir='ltr'>σε’</span> <span class='ocrx_word' id='word_1_58' title='bbox 313 706 388 730; x_wconf 91' lang='grc' dir='ltr'>που</span> <span class='ocrx_word' id='word_1_59' title='bbox 412 689 498 731; x_wconf 84' lang='grc' dir='ltr'>δέος</span> <span class='ocrx_word' id='word_1_60' title='bbox 522 691 630 743; x_wconf 80' lang='grc' dir='ltr'>ἴσχει</span> <span class='ocrx_word' id='word_1_61' title='bbox 657 689 829 742; x_wconf 84' lang='grc' dir='ltr'>ἀκήριον·</span> <span class='ocrx_word' id='word_1_62' title='bbox 867 689 912 730; x_wconf 82' lang='grc' dir='ltr'>οὐ</span> <span class='ocrx_word' id='word_1_63' title='bbox 936 690 987 730; x_wconf 89' lang='grc' dir='ltr'>σύ</span> <span class='ocrx_word' id='word_1_64' title='bbox 1011 690 1046 742; x_wconf 85' lang='grc' dir='ltr'>γ’</span> <span class='ocrx_word' id='word_1_65' title='bbox 1075 691 1207 731; x_wconf 83' lang='grc' dir='ltr'>ἔπειτα</span> 
     </span>
     <span class='ocr_line' id='line_1_10' title="bbox 126 755 1055 809; baseline 0.001 -14"><span class='ocrx_word' id='word_1_66' title='bbox 126 755 269 797; x_wconf 82' lang='grc' dir='ltr'>Τυδέος</span> <span class='ocrx_word' id='word_1_67' title='bbox 293 755 454 808; x_wconf 80' lang='grc' dir='ltr'>ἔκγονός</span> <span class='ocrx_word' id='word_1_68' title='bbox 479 757 572 796; x_wconf 86' lang='grc' dir='ltr'>ἐσσι</span> <span class='ocrx_word' id='word_1_69' title='bbox 596 756 808 809; x_wconf 73' lang='grc' dir='ltr'>δαΐφρονος</span> <span class='ocrx_word' id='word_1_70' title='bbox 832 755 1055 797; x_wconf 80' lang='grc' dir='ltr'>Οἰνεΐδαο.”</span> 
     </span>
    </p>
   </div>
   <div class='ocr_carea' id='block_1_3' title="bbox 191 822 1332 876">
    <p class='ocr_par' dir='ltr' id='par_1_5' title="bbox 191 822 1332 876">
     <span class='ocr_line' id='line_1_11' title="bbox 191 822 1332 876; baseline 0.002 -14"><span class='ocrx_word' id='word_1_71' title='bbox 191 822 274 872; x_wconf 80' lang='grc' dir='ltr'>Τὴν</span> <span class='ocrx_word' id='word_1_72' title='bbox 299 822 332 862; x_wconf 86' lang='grc' dir='ltr'>δ’</span> <span class='ocrx_word' id='word_1_73' title='bbox 359 824 677 874; x_wconf 79' lang='grc' dir='ltr'>ἀπαμειβόμενος</span> <span class='ocrx_word' id='word_1_74' title='bbox 701 823 885 875; x_wconf 85' lang='grc' dir='ltr'>προσέφη</span> <span class='ocrx_word' id='word_1_75' title='bbox 912 822 1095 876; x_wconf 84' lang='grc' dir='ltr'>κρατερὸς</span> <span class='ocrx_word' id='word_1_76' title='bbox 1121 822 1332 874; x_wconf 86' lang='grc' dir='ltr'>Διομήδης·</span> 
     </span>
    </p>
   </div>
   <div class='ocr_carea' id='block_1_4' title="bbox 126 887 1303 2264">
    <p class='ocr_par' dir='ltr' id='par_1_6' title="bbox 126 887 1303 2264">
     <span class='ocr_line' id='line_1_12' title="bbox 129 887 1118 943; baseline 0.001 -15"><span class='ocrx_word' id='word_1_77' title='bbox 129 891 153 906; x_wconf 94' lang='lat'><em>“</em></span> <span class='ocrx_word' id='word_1_78' title='bbox 168 888 374 941; x_wconf 86' lang='grc' dir='ltr'>γιγνώσκω</span> <span class='ocrx_word' id='word_1_79' title='bbox 401 906 459 936; x_wconf 88' lang='grc' dir='ltr'>σε,</span> <span class='ocrx_word' id='word_1_80' title='bbox 487 889 569 936; x_wconf 85' lang='grc' dir='ltr'>θεά,</span> <span class='ocrx_word' id='word_1_81' title='bbox 596 891 762 942; x_wconf 83' lang='grc' dir='ltr'>θύγατερ</span> <span class='ocrx_word' id='word_1_82' title='bbox 789 887 885 932; x_wconf 84' lang='grc' dir='ltr'>Διὸς</span> <span class='ocrx_word' id='word_1_83' title='bbox 910 890 1118 943; x_wconf 81' lang='grc' dir='ltr'>αἰγιόχοιο·</span> 
     </span>
     <span class='ocr_line' id='line_1_13' title="bbox 127 955 1114 1008; baseline 0.001 -13"><span class='ocrx_word' id='word_1_84' title='bbox 127 959 178 995; x_wconf 84' lang='grc' dir='ltr'>τῶ</span> <span class='ocrx_word' id='word_1_85' title='bbox 203 972 263 995; x_wconf 89' lang='grc' dir='ltr'>τοι</span> <span class='ocrx_word' id='word_1_86' title='bbox 287 955 541 1008; x_wconf 86' lang='grc' dir='ltr'>προφρονέως</span> <span class='ocrx_word' id='word_1_87' title='bbox 568 956 662 1008; x_wconf 86' lang='grc' dir='ltr'>ἐρέω</span> <span class='ocrx_word' id='word_1_88' title='bbox 687 956 780 998; x_wconf 82' lang='grc' dir='ltr'>ἕπος</span> <span class='ocrx_word' id='word_1_89' title='bbox 805 956 882 996; x_wconf 83' lang='grc' dir='ltr'>οὐδ’</span> <span class='ocrx_word' id='word_1_90' title='bbox 907 956 1114 997; x_wconf 86' lang='grc' dir='ltr'>ἐπικεύσω.</span> 
     </span>
     <span class='ocr_line' id='line_1_14' title="bbox 128 1022 1118 1075; baseline 0.004 -15"><span class='ocrx_word' id='word_1_91' title='bbox 128 1022 212 1061; x_wconf 85' lang='grc' dir='ltr'>οὔτε</span> <span class='ocrx_word' id='word_1_92' title='bbox 238 1023 277 1062; x_wconf 88' lang='grc' dir='ltr'>τί</span> <span class='ocrx_word' id='word_1_93' title='bbox 297 1039 345 1073; x_wconf 95' lang='grc' dir='ltr'>με</span> <span class='ocrx_word' id='word_1_94' title='bbox 370 1022 455 1064; x_wconf 87' lang='grc' dir='ltr'>δέος</span> <span class='ocrx_word' id='word_1_95' title='bbox 479 1024 588 1075; x_wconf 81' lang='grc' dir='ltr'>ἴσχει</span> <span class='ocrx_word' id='word_1_96' title='bbox 613 1022 773 1074; x_wconf 80' lang='grc' dir='ltr'>ἀκήριον</span> <span class='ocrx_word' id='word_1_97' title='bbox 799 1023 885 1062; x_wconf 79' lang='grc' dir='ltr'>οὔτε</span> <span class='ocrx_word' id='word_1_98' title='bbox 911 1039 968 1064; x_wconf 90' lang='grc' dir='ltr'>τις</span> <span class='ocrx_word' id='word_1_99' title='bbox 992 1025 1118 1069; x_wconf 78' lang='grc' dir='ltr'>ὄκνος,</span> 
     </span>
     <span class='ocr_line' id='line_1_15' title="bbox 128 1087 1197 1141; baseline 0.004 -14"><span class='ocrx_word' id='word_1_100' title='bbox 128 1087 216 1128; x_wconf 85' lang='grc' dir='ltr'>ἀλλ’</span> <span class='ocrx_word' id='word_1_101' title='bbox 241 1088 298 1128; x_wconf 81' lang='grc' dir='ltr'>ἔτι</span> <span class='ocrx_word' id='word_1_102' title='bbox 322 1088 426 1129; x_wconf 86' lang='grc' dir='ltr'>σέων</span> <span class='ocrx_word' id='word_1_103' title='bbox 450 1088 646 1140; x_wconf 83' lang='grc' dir='ltr'>μέμνημαι</span> <span class='ocrx_word' id='word_1_104' title='bbox 671 1089 885 1141; x_wconf 82' lang='grc' dir='ltr'>ἐφετμέων,</span> <span class='ocrx_word' id='word_1_105' title='bbox 912 1089 957 1131; x_wconf 75' lang='grc' dir='ltr'>ἃς</span> <span class='ocrx_word' id='word_1_106' title='bbox 981 1090 1197 1131; x_wconf 82' lang='grc' dir='ltr'>ἐπέτειλας·</span> 
     </span>
     <span class='ocr_line' id='line_1_16' title="bbox 128 1154 1116 1208; baseline 0.002 -15"><span class='ocrx_word' id='word_1_107' title='bbox 128 1154 171 1194; x_wconf 82' lang='grc' dir='ltr'>οὔ</span> <span class='ocrx_word' id='word_1_108' title='bbox 194 1154 232 1204; x_wconf 86' lang='grc' dir='ltr'>μ’</span> <span class='ocrx_word' id='word_1_109' title='bbox 258 1156 338 1197; x_wconf 84' lang='grc' dir='ltr'>εἴας</span> <span class='ocrx_word' id='word_1_110' title='bbox 362 1154 585 1206; x_wconf 83' lang='grc' dir='ltr'>μακάρεσσι</span> <span class='ocrx_word' id='word_1_111' title='bbox 610 1158 712 1196; x_wconf 83' lang='grc' dir='ltr'>θεοῖς</span> <span class='ocrx_word' id='word_1_112' title='bbox 737 1155 893 1205; x_wconf 84' lang='grc' dir='ltr'>ἀντικρὺ</span> <span class='ocrx_word' id='word_1_113' title='bbox 916 1155 1116 1208; x_wconf 86' lang='grc' dir='ltr'>μάχεσθαι</span> 
     </span>
     <span class='ocr_line' id='line_1_17' title="bbox 126 1220 1196 1274; baseline 0.002 -15"><span class='ocrx_word' id='word_1_114' title='bbox 126 1225 206 1262; x_wconf 84' lang='grc' dir='ltr'>τοῖς</span> <span class='ocrx_word' id='word_1_115' title='bbox 230 1220 380 1263; x_wconf 85' lang='grc' dir='ltr'>ἄλλοις·</span> <span class='ocrx_word' id='word_1_116' title='bbox 418 1222 514 1273; x_wconf 86' lang='grc' dir='ltr'>ἀτὰρ</span> <span class='ocrx_word' id='word_1_117' title='bbox 540 1223 576 1262; x_wconf 84' lang='grc' dir='ltr'>εἴ</span> <span class='ocrx_word' id='word_1_118' title='bbox 598 1238 639 1262; x_wconf 94' lang='grc' dir='ltr'>κε</span> <span class='ocrx_word' id='word_1_119' title='bbox 666 1221 761 1263; x_wconf 85' lang='grc' dir='ltr'>Διὸς</span> <span class='ocrx_word' id='word_1_120' title='bbox 786 1221 956 1273; x_wconf 82' lang='grc' dir='ltr'>θυγάτηρ</span> <span class='ocrx_word' id='word_1_121' title='bbox 982 1221 1196 1274; x_wconf 81' lang='grc' dir='ltr'>Ἀφροδίτη</span> 
     </span>
     <span class='ocr_line' id='line_1_18' title="bbox 128 1286 1174 1343; baseline 0.001 -16"><span class='ocrx_word' id='word_1_122' title='bbox 128 1287 264 1343; x_wconf 81' lang='grc' dir='ltr'>ἔλθῃσ’</span> <span class='ocrx_word' id='word_1_123' title='bbox 291 1288 330 1329; x_wconf 85' lang='grc' dir='ltr'>ἐς</span> <span class='ocrx_word' id='word_1_124' title='bbox 353 1288 539 1339; x_wconf 88' lang='grc' dir='ltr'>πόλεμον,</span> <span class='ocrx_word' id='word_1_125' title='bbox 566 1287 636 1337; x_wconf 90' lang='grc' dir='ltr'>τήν</span> <span class='ocrx_word' id='word_1_126' title='bbox 662 1288 699 1340; x_wconf 85' lang='grc' dir='ltr'>γ’</span> <span class='ocrx_word' id='word_1_127' title='bbox 725 1287 893 1338; x_wconf 81' lang='grc' dir='ltr'>οὐτάμεν</span> <span class='ocrx_word' id='word_1_128' title='bbox 916 1286 999 1338; x_wconf 80' lang='grc' dir='ltr'>ὀξέϊ</span> <span class='ocrx_word' id='word_1_129' title='bbox 1022 1292 1174 1342; x_wconf 78' lang='grc' dir='ltr'>χαλκῷ.</span> 
     </span>
     <span class='ocr_line' id='line_1_19' title="bbox 127 1353 1199 1408; baseline 0.003 -15"><span class='ocrx_word' id='word_1_130' title='bbox 127 1353 289 1394; x_wconf 80' lang='grc' dir='ltr'>τοῦνεκα</span> <span class='ocrx_word' id='word_1_131' title='bbox 312 1357 382 1394; x_wconf 84' lang='grc' dir='ltr'>νῦν</span> <span class='ocrx_word' id='word_1_132' title='bbox 405 1354 520 1396; x_wconf 81' lang='grc' dir='ltr'>αὐτός</span> <span class='ocrx_word' id='word_1_133' title='bbox 544 1353 577 1393; x_wconf 80' lang='grc' dir='ltr'>τ’</span> <span class='ocrx_word' id='word_1_134' title='bbox 601 1354 845 1408; x_wconf 83' lang='grc' dir='ltr'>ἀναχάζομαι</span> <span class='ocrx_word' id='word_1_135' title='bbox 870 1354 937 1404; x_wconf 83' lang='grc' dir='ltr'>ἠδὲ</span> <span class='ocrx_word' id='word_1_136' title='bbox 964 1355 1027 1394; x_wconf 84' lang='grc' dir='ltr'>καὶ</span> <span class='ocrx_word' id='word_1_137' title='bbox 1051 1354 1199 1397; x_wconf 81' lang='grc' dir='ltr'>ἄλλους</span> 
     </span>
     <span class='ocr_line' id='line_1_20' title="bbox 127 1418 1111 1471; baseline 0.004 -13"><span class='ocrx_word' id='word_1_138' title='bbox 127 1418 327 1471; x_wconf 84' lang='grc' dir='ltr'>Ἀργείους</span> <span class='ocrx_word' id='word_1_139' title='bbox 353 1419 545 1461; x_wconf 88' lang='grc' dir='ltr'>ἐκέλευσα</span> <span class='ocrx_word' id='word_1_140' title='bbox 570 1419 761 1471; x_wconf 85' lang='grc' dir='ltr'>ἀλήμεναι</span> <span class='ocrx_word' id='word_1_141' title='bbox 787 1420 924 1461; x_wconf 85' lang='grc' dir='ltr'>ε’νθάδε</span> <span class='ocrx_word' id='word_1_142' title='bbox 948 1419 1111 1463; x_wconf 87' lang='grc' dir='ltr'>πάντας·</span> 
     </span>
     <span class='ocr_line' id='line_1_21' title="bbox 127 1485 1149 1540; baseline 0.001 -15"><span class='ocrx_word' id='word_1_143' title='bbox 127 1486 335 1537; x_wconf 87' lang='grc' dir='ltr'>γιγνώσκω</span> <span class='ocrx_word' id='word_1_144' title='bbox 360 1488 434 1538; x_wconf 80' lang='grc' dir='ltr'>γὰρ</span> <span class='ocrx_word' id='word_1_145' title='bbox 453 1486 582 1539; x_wconf 83' lang='grc' dir='ltr'>’Άρηα</span> <span class='ocrx_word' id='word_1_146' title='bbox 606 1486 738 1540; x_wconf 83' lang='grc' dir='ltr'>μάχην</span> <span class='ocrx_word' id='word_1_147' title='bbox 762 1488 836 1527; x_wconf 79' lang='grc' dir='ltr'>ἀνὰ</span> <span class='ocrx_word' id='word_1_148' title='bbox 863 1485 1149 1538; x_wconf 85' lang='grc' dir='ltr'>κοιρανέοντα.”</span> 
     </span>
     <span class='ocr_line' id='line_1_22' title="bbox 192 1551 1218 1604; baseline 0.002 -12"><span class='ocrx_word' id='word_1_149' title='bbox 192 1551 272 1592; x_wconf 85' lang='grc' dir='ltr'>Τὸν</span> <span class='ocrx_word' id='word_1_150' title='bbox 297 1552 329 1592; x_wconf 84' lang='grc' dir='ltr'>δ’</span> <span class='ocrx_word' id='word_1_151' title='bbox 354 1552 530 1603; x_wconf 80' lang='grc' dir='ltr'>ἠμείβετ’</span> <span class='ocrx_word' id='word_1_152' title='bbox 556 1553 690 1594; x_wconf 82' lang='grc' dir='ltr'>ἔπειτα</span> <span class='ocrx_word' id='word_1_153' title='bbox 716 1554 784 1593; x_wconf 83' lang='grc' dir='ltr'>θεὰ</span> <span class='ocrx_word' id='word_1_154' title='bbox 809 1557 1032 1601; x_wconf 85' lang='grc' dir='ltr'>γλαυκῶπις</span> <span class='ocrx_word' id='word_1_155' title='bbox 1057 1551 1218 1604; x_wconf 87' lang='grc' dir='ltr'>Ἀθήνη·</span> 
     </span>
     <span class='ocr_line' id='line_1_23' title="bbox 130 1618 1106 1673; baseline 0.001 -15"><span class='ocrx_word' id='word_1_156' title='bbox 130 1618 334 1669; x_wconf 86' lang='grc' dir='ltr'>“Τυδε”ι”δη</span> <span class='ocrx_word' id='word_1_157' title='bbox 362 1619 567 1669; x_wconf 86' lang='grc' dir='ltr'>Διόμηδες,</span> <span class='ocrx_word' id='word_1_158' title='bbox 595 1620 673 1672; x_wconf 83' lang='grc' dir='ltr'>ἐμῷ</span> <span class='ocrx_word' id='word_1_159' title='bbox 701 1619 962 1671; x_wconf 89' lang='grc' dir='ltr'>κεχαρισμένε</span> <span class='ocrx_word' id='word_1_160' title='bbox 988 1622 1106 1673; x_wconf 78' lang='grc' dir='ltr'>θυμῷ,</span> 
     </span>
     <span class='ocr_line' id='line_1_24' title="bbox 127 1683 1174 1737; baseline 0.002 -14"><span class='ocrx_word' id='word_1_161' title='bbox 127 1683 221 1734; x_wconf 89' lang='grc' dir='ltr'>μήτε</span> <span class='ocrx_word' id='word_1_162' title='bbox 247 1684 299 1724; x_wconf 87' lang='grc' dir='ltr'>σύ</span> <span class='ocrx_word' id='word_1_163' title='bbox 322 1684 359 1736; x_wconf 88' lang='grc' dir='ltr'>γ’</span> <span class='ocrx_word' id='word_1_164' title='bbox 379 1683 507 1736; x_wconf 79' lang='grc' dir='ltr'>’Άρηα</span> <span class='ocrx_word' id='word_1_165' title='bbox 531 1686 577 1724; x_wconf 90' lang='grc' dir='ltr'>τό</span> <span class='ocrx_word' id='word_1_166' title='bbox 600 1702 644 1737; x_wconf 90' lang='grc' dir='ltr'>γε</span> <span class='ocrx_word' id='word_1_167' title='bbox 670 1686 806 1725; x_wconf 90' lang='grc' dir='ltr'>δείδιθι</span> <span class='ocrx_word' id='word_1_168' title='bbox 829 1684 925 1735; x_wconf 86' lang='grc' dir='ltr'>μήτε</span> <span class='ocrx_word' id='word_1_169' title='bbox 950 1684 1023 1725; x_wconf 78' lang='grc' dir='ltr'>τιν’</span> <span class='ocrx_word' id='word_1_170' title='bbox 1048 1684 1174 1725; x_wconf 83' lang='grc' dir='ltr'>ἄλλον</span> 
     </span>
     <span class='ocr_line' id='line_1_25' title="bbox 128 1750 1071 1805; baseline 0.001 -15"><span class='ocrx_word' id='word_1_171' title='bbox 128 1750 343 1805; x_wconf 78' lang='grc' dir='ltr'>ἀθανάτων·</span> <span class='ocrx_word' id='word_1_172' title='bbox 381 1751 464 1801; x_wconf 91' lang='grc' dir='ltr'>τοίη</span> <span class='ocrx_word' id='word_1_173' title='bbox 489 1767 548 1791; x_wconf 91' lang='grc' dir='ltr'>τοι</span> <span class='ocrx_word' id='word_1_174' title='bbox 573 1751 674 1802; x_wconf 82' lang='grc' dir='ltr'>ἐγὼν</span> <span class='ocrx_word' id='word_1_175' title='bbox 702 1750 955 1802; x_wconf 87' lang='grc' dir='ltr'>ἐπιτάρροθός</span> <span class='ocrx_word' id='word_1_176' title='bbox 981 1752 1071 1801; x_wconf 84' lang='grc' dir='ltr'>εἰμι·</span> 
     </span>
     <span class='ocr_line' id='line_1_26' title="bbox 128 1815 1169 1871; baseline 0.003 -16"><span class='ocrx_word' id='word_1_177' title='bbox 128 1815 217 1856; x_wconf 78' lang='grc' dir='ltr'>ἀλλ’</span> <span class='ocrx_word' id='word_1_178' title='bbox 241 1816 304 1868; x_wconf 83' lang='grc' dir='ltr'>ἄγ’</span> <span class='ocrx_word' id='word_1_179' title='bbox 329 1816 388 1857; x_wconf 81' lang='grc' dir='ltr'>ἐπ’</span> <span class='ocrx_word' id='word_1_180' title='bbox 409 1815 525 1868; x_wconf 77' lang='grc' dir='ltr'>’Άρηϊ</span> <span class='ocrx_word' id='word_1_181' title='bbox 550 1817 687 1871; x_wconf 80' lang='grc' dir='ltr'>πρώτῳ</span> <span class='ocrx_word' id='word_1_182' title='bbox 714 1818 782 1870; x_wconf 80' lang='grc' dir='ltr'>ἔχε</span> <span class='ocrx_word' id='word_1_183' title='bbox 807 1817 991 1869; x_wconf 86' lang='grc' dir='ltr'>μώνυχας</span> <span class='ocrx_word' id='word_1_184' title='bbox 1016 1818 1169 1862; x_wconf 85' lang='grc' dir='ltr'>ἵππους,</span> 
     </span>
     <span class='ocr_line' id='line_1_27' title="bbox 128 1881 1060 1935; baseline 0.001 -15"><span class='ocrx_word' id='word_1_185' title='bbox 128 1882 253 1933; x_wconf 79' lang='grc' dir='ltr'>τύψον</span> <span class='ocrx_word' id='word_1_186' title='bbox 277 1884 318 1923; x_wconf 81' lang='grc' dir='ltr'>δὲ</span> <span class='ocrx_word' id='word_1_187' title='bbox 345 1884 509 1935; x_wconf 87' lang='grc' dir='ltr'>σχεδίην</span> <span class='ocrx_word' id='word_1_188' title='bbox 532 1883 619 1933; x_wconf 86' lang='grc' dir='ltr'>μηδ’</span> <span class='ocrx_word' id='word_1_189' title='bbox 646 1882 735 1932; x_wconf 78' lang='grc' dir='ltr'>ἅζεο</span> <span class='ocrx_word' id='word_1_190' title='bbox 763 1885 900 1935; x_wconf 79' lang='grc' dir='ltr'>θοῦρον</span> <span class='ocrx_word' id='word_1_191' title='bbox 920 1881 1060 1934; x_wconf 76' lang='grc' dir='ltr'>”Αρηα,</span> 
     </span>
     <span class='ocr_line' id='line_1_28' title="bbox 128 1948 1230 2000; baseline 0.002 -15"><span class='ocrx_word' id='word_1_192' title='bbox 128 1951 262 1988; x_wconf 84' lang='grc' dir='ltr'>τοῦτον</span> <span class='ocrx_word' id='word_1_193' title='bbox 285 1949 530 2000; x_wconf 88' lang='grc' dir='ltr'>μαινόμενον,</span> <span class='ocrx_word' id='word_1_194' title='bbox 557 1948 694 1989; x_wconf 84' lang='grc' dir='ltr'>τυκτὸν</span> <span class='ocrx_word' id='word_1_195' title='bbox 720 1949 850 1995; x_wconf 88' lang='grc' dir='ltr'>κακόν,</span> <span class='ocrx_word' id='word_1_196' title='bbox 879 1949 1230 2000; x_wconf 77' lang='grc' dir='ltr'>ἀλλοπρόσαλλον,</span> 
     </span>
     <span class='ocr_line' id='line_1_29' title="bbox 128 2011 1187 2070; baseline 0 -17"><span class='ocrx_word' id='word_1_197' title='bbox 128 2011 169 2054; x_wconf 80' lang='grc' dir='ltr'>ὃς</span> <span class='ocrx_word' id='word_1_198' title='bbox 193 2012 322 2068; x_wconf 82' lang='grc' dir='ltr'>πρῴην</span> <span class='ocrx_word' id='word_1_199' title='bbox 345 2017 416 2066; x_wconf 81' lang='grc' dir='ltr'>μὲν</span> <span class='ocrx_word' id='word_1_200' title='bbox 440 2015 528 2066; x_wconf 85' lang='grc' dir='ltr'>ἐμοί</span> <span class='ocrx_word' id='word_1_201' title='bbox 550 2032 593 2055; x_wconf 93' lang='grc' dir='ltr'>τε</span> <span class='ocrx_word' id='word_1_202' title='bbox 620 2015 681 2055; x_wconf 87' lang='grc' dir='ltr'>καὶ</span> <span class='ocrx_word' id='word_1_203' title='bbox 698 2014 808 2070; x_wconf 69' lang='lat' dir='ltr'>“pr</span> <span class='ocrx_word' id='word_1_204' title='bbox 835 2014 963 2055; x_wconf 82' lang='grc' dir='ltr'>στεῦτ’</span> <span class='ocrx_word' id='word_1_205' title='bbox 989 2014 1187 2066; x_wconf 85' lang='grc' dir='ltr'>ἀγορεύων</span> 
     </span>
     <span class='ocr_line' id='line_1_30' title="bbox 129 2079 1138 2134; baseline 0 -15"><span class='ocrx_word' id='word_1_206' title='bbox 129 2080 262 2129; x_wconf 87' lang='grc' dir='ltr'>Τρωσὶ</span> <span class='ocrx_word' id='word_1_207' title='bbox 285 2080 552 2134; x_wconf 84' lang='grc' dir='ltr'>μαχήσεσθαι,</span> <span class='ocrx_word' id='word_1_208' title='bbox 581 2082 678 2132; x_wconf 82' lang='grc' dir='ltr'>ἀτὰρ</span> <span class='ocrx_word' id='word_1_209' title='bbox 703 2080 944 2132; x_wconf 85' lang='grc' dir='ltr'>Ἀργείοισιν</span> <span class='ocrx_word' id='word_1_210' title='bbox 969 2079 1138 2131; x_wconf 81' lang='grc' dir='ltr'>ἀρήξειν,</span> 
     </span>
     <span class='ocr_line' id='line_1_31' title="bbox 130 2144 1214 2199; baseline 0 -15"><span class='ocrx_word' id='word_1_211' title='bbox 130 2148 196 2185; x_wconf 83' lang='grc' dir='ltr'>νῦν</span> <span class='ocrx_word' id='word_1_212' title='bbox 221 2148 262 2186; x_wconf 79' lang='grc' dir='ltr'>δὲ</span> <span class='ocrx_word' id='word_1_213' title='bbox 285 2149 382 2197; x_wconf 82' lang='grc' dir='ltr'>μετὰ</span> <span class='ocrx_word' id='word_1_214' title='bbox 406 2147 618 2199; x_wconf 89' lang='grc' dir='ltr'>Τρώεσσιν</span> <span class='ocrx_word' id='word_1_215' title='bbox 643 2147 784 2197; x_wconf 88' lang='grc' dir='ltr'>ὁμιλεῖ,</span> <span class='ocrx_word' id='word_1_216' title='bbox 812 2149 888 2186; x_wconf 87' lang='grc' dir='ltr'>τῶν</span> <span class='ocrx_word' id='word_1_217' title='bbox 913 2147 954 2186; x_wconf 83' lang='grc' dir='ltr'>δὲ</span> <span class='ocrx_word' id='word_1_218' title='bbox 978 2144 1214 2186; x_wconf 88' lang='grc' dir='ltr'>λέλασται.”</span> 
     </span>
     <span class='ocr_line' id='line_1_32' title="bbox 188 2209 1303 2264; baseline -0.003 -12"><span class='ocrx_word' id='word_1_219' title='bbox 188 2209 266 2253; x_wconf 67' lang='grc' dir='ltr'>Ἲὶς</span> <span class='ocrx_word' id='word_1_220' title='bbox 291 2212 445 2264; x_wconf 86' lang='grc' dir='ltr'>φαμένη</span> <span class='ocrx_word' id='word_1_221' title='bbox 472 2212 666 2253; x_wconf 86' lang='grc' dir='ltr'>Σθένελον</span> <span class='ocrx_word' id='word_1_222' title='bbox 691 2214 762 2263; x_wconf 83' lang='grc' dir='ltr'>μὲν</span> <span class='ocrx_word' id='word_1_223' title='bbox 787 2210 857 2263; x_wconf 86' lang='grc' dir='ltr'>ἀφ’</span> <span class='ocrx_word' id='word_1_224' title='bbox 883 2212 1012 2251; x_wconf 87' lang='grc' dir='ltr'>ἵππων</span> <span class='ocrx_word' id='word_1_225' title='bbox 1037 2209 1117 2250; x_wconf 76' lang='grc' dir='ltr'>ὦσε</span> <span class='ocrx_word' id='word_1_226' title='bbox 1141 2210 1303 2262; x_wconf 77' lang='grc' dir='ltr'>χαμᾶζε,</span> 
     </span>
    </p>
   </div>
   <div class='ocr_carea' id='block_1_5' title="bbox 1378 233 1440 271">
    <p class='ocr_par' dir='ltr' id='par_1_7' title="bbox 1378 233 1440 271">
     <span class='ocr_line' id='line_1_33' title="bbox 1378 233 1440 271; baseline -0.016 -8"><span class='ocrx_word' id='word_1_227' title='bbox 1378 233 1440 271; x_wconf 88' lang='lat'>805</span> 
     </span>
    </p>
   </div>
   <div class='ocr_carea' id='block_1_6' title="bbox 1380 562 1443 592">
    <p class='ocr_par' dir='ltr' id='par_1_8' title="bbox 1380 562 1443 592">
     <span class='ocr_line' id='line_1_34' title="bbox 1380 562 1443 592; baseline 0 0"><span class='ocrx_word' id='word_1_228' title='bbox 1380 562 1443 592; x_wconf 85' lang='lat'>810</span> 
     </span>
    </p>
   </div>
   <div class='ocr_carea' id='block_1_7' title="bbox 1381 895 1442 932">
    <p class='ocr_par' dir='ltr' id='par_1_9' title="bbox 1381 895 1442 932">
     <span class='ocr_line' id='line_1_35' title="bbox 1381 895 1442 932; baseline -0.033 -7"><span class='ocrx_word' id='word_1_229' title='bbox 1381 895 1442 932; x_wconf 82' lang='lat'>815</span> 
     </span>
    </p>
   </div>
   <div class='ocr_carea' id='block_1_8' title="bbox 1381 1227 1445 1256">
    <p class='ocr_par' dir='ltr' id='par_1_10' title="bbox 1381 1227 1445 1256">
     <span class='ocr_line' id='line_1_36' title="bbox 1381 1227 1445 1256; baseline 0 0"><span class='ocrx_word' id='word_1_230' title='bbox 1381 1227 1445 1256; x_wconf 76' lang='lat'>820</span> 
     </span>
    </p>
   </div>
   <div class='ocr_carea' id='block_1_9' title="bbox 1380 1558 1443 1596">
    <p class='ocr_par' dir='ltr' id='par_1_11' title="bbox 1380 1558 1443 1596">
     <span class='ocr_line' id='line_1_37' title="bbox 1380 1558 1443 1596; baseline 0.016 -9"><span class='ocrx_word' id='word_1_231' title='bbox 1380 1558 1443 1596; x_wconf 83' lang='lat'>825</span> 
     </span>
    </p>
   </div>
   <div class='ocr_carea' id='block_1_10' title="bbox 1379 2215 1441 2253">
    <p class='ocr_par' dir='ltr' id='par_1_12' title="bbox 1379 2215 1441 2253">
     <span class='ocr_line' id='line_1_38' title="bbox 1379 2215 1441 2253; baseline -0.016 0"><span class='ocrx_word' id='word_1_232' title='bbox 1379 2215 1441 2253; x_wconf 81' lang='lat'>835</span> 
     </span>
    </p>
   </div>
   <div class='ocr_carea' id='block_1_11' title="bbox 171 2303 1443 2344">
    <p class='ocr_par' dir='ltr' id='par_1_13' title="bbox 171 2303 1443 2344">
     <span class='ocr_line' id='line_1_39' title="bbox 171 2303 1443 2344; baseline 0.003 -11"><span class='ocrx_word' id='word_1_233' title='bbox 171 2303 235 2334; x_wconf 91' lang='lat'>808</span> <span class='ocrx_word' id='word_1_234' title='bbox 258 2314 324 2335; x_wconf 88' lang='lat' dir='ltr'>om.</span> <span class='ocrx_word' id='word_1_235' title='bbox 344 2303 403 2335; x_wconf 84' lang='lat' dir='ltr'>Ar.</span> <span class='ocrx_word' id='word_1_236' title='bbox 426 2304 465 2335; x_wconf 58' lang='lat' dir='ltr'>1„ss</span> <span class='ocrx_word' id='word_1_237' title='bbox 476 2304 534 2335; x_wconf 76' lang='lat' dir='ltr'>V¹⁶</span> <span class='ocrx_word' id='word_1_238' title='bbox 687 2307 747 2338; x_wconf 88' lang='lat'>811</span> <span class='ocrx_word' id='word_1_239' title='bbox 775 2306 913 2340; x_wconf 79' lang='grc' dir='ltr'>λέλυκεν</span> <span class='ocrx_word' id='word_1_240' title='bbox 930 2304 1011 2337; x_wconf 76' lang='grc' dir='ltr'>1ιο7</span> <span class='ocrx_word' id='word_1_241' title='bbox 1160 2307 1222 2344; x_wconf 84' lang='lat'>814</span> <span class='ocrx_word' id='word_1_242' title='bbox 1248 2307 1308 2343; x_wconf 79' lang='grc' dir='ltr'>τὴν</span> <span class='ocrx_word' id='word_1_243' title='bbox 1325 2304 1352 2337; x_wconf 86' lang='grc' dir='ltr'>δ’</span> <span class='ocrx_word' id='word_1_244' title='bbox 1368 2305 1443 2338; x_wconf 72' lang='grc' dir='ltr'>αὖτε</span> 
     </span>
    </p>
   </div>
   <div class='ocr_carea' id='block_1_12' title="bbox 131 2347 1355 2391">
    <p class='ocr_par' dir='ltr' id='par_1_14' title="bbox 131 2347 1355 2391">
     <span class='ocr_line' id='line_1_40' title="bbox 131 2347 1355 2391; baseline 0.002 -14"><span class='ocrx_word' id='word_1_245' title='bbox 131 2347 295 2387; x_wconf 87' lang='grc' dir='ltr'>προσέειπε</span> <span class='ocrx_word' id='word_1_246' title='bbox 314 2357 345 2377; x_wconf 89' lang='grc' dir='ltr'>ν.</span> <span class='ocrx_word' id='word_1_247' title='bbox 358 2347 377 2377; x_wconf 86' lang='lat' dir='ltr'>l.</span> <span class='ocrx_word' id='word_1_248' title='bbox 397 2354 464 2379; x_wconf 84' lang='lat' dir='ltr'>ant.</span> <span class='ocrx_word' id='word_1_249' title='bbox 486 2348 577 2389; x_wconf 82' lang='grc' dir='ltr'>(ἔνιοι</span> <span class='ocrx_word' id='word_1_250' title='bbox 596 2348 689 2391; x_wconf 87' lang='lat' dir='ltr'>Did.)</span> <span class='ocrx_word' id='word_1_251' title='bbox 887 2351 951 2380; x_wconf 89' lang='lat'>818</span> <span class='ocrx_word' id='word_1_252' title='bbox 976 2348 1057 2382; x_wconf 87' lang='grc' dir='ltr'>σέων</span> <span class='ocrx_word' id='word_1_253' title='bbox 1073 2348 1148 2380; x_wconf 68' lang='lat' dir='ltr'>An:</span> <span class='ocrx_word' id='word_1_254' title='bbox 1173 2353 1238 2381; x_wconf 85' lang='grc' dir='ltr'>σῶν</span> <span class='ocrx_word' id='word_1_255' title='bbox 1258 2349 1355 2380; x_wconf 89' lang='lat' dir='ltr'>codd.</span> 
     </span>
    </p>
   </div>
   <div class='ocr_carea' id='block_1_13' title="bbox 130 2389 1315 2465">
    <p class='ocr_par' dir='ltr' id='par_1_15' title="bbox 130 2389 1315 2465">
     <span class='ocr_line' id='line_1_41' title="bbox 130 2389 1315 2465; baseline 0.004 -46"><span class='ocrx_word' id='word_1_256' title='bbox 130 2389 190 2429; x_wconf 82' lang='lat'>827</span> <span class='ocrx_word' id='word_1_257' title='bbox 214 2389 253 2422; x_wconf 84' lang='grc' dir='ltr'>τό</span> <span class='ocrx_word' id='word_1_258' title='bbox 266 2390 321 2431; x_wconf 78' lang='grc' dir='ltr'>γε]</span> <span class='ocrx_word' id='word_1_259' title='bbox 340 2392 396 2422; x_wconf 85' lang='grc' dir='ltr'>τὸν</span> <span class='ocrx_word' id='word_1_260' title='bbox 412 2395 455 2422; x_wconf 83' lang='lat' dir='ltr'>cl</span> <span class='ocrx_word' id='word_1_261' title='bbox 1279 2433 1315 2465; x_wconf 56' lang='lat'>8*</span> 
     </span>
    </p>
   </div>
  </div>
 </body>
</html>
