1629 2828
492 153 524 188 1.
598 146 858 184 ΙΛΙΑΔΟΣ
928 146 958 183 Α

73 253 106 294 εἷ
129 250 160 291 δ’
185 250 254 303 ἄγε
282 267 339 290 τοι
367 255 520 306 κεφαλῇ
548 251 847 301 κατανεύσομαι,
875 251 981 301 ὄφρα
1005 249 1193 304 πεποίθῃς

72 322 180 359 τοῦτο
205 318 277 369 γὰρ
300 315 346 367 ἐξ
368 316 504 367 ἐμέθεν
530 334 575 369 γε
600 317 684 368 μετ’
709 315 942 357 ἀθανάτοισι
966 314 1156 366 μέγιστον
1332 328 1393 359 525

72 384 232 435 τέκμωρ·
272 383 316 423 οὐ
341 385 414 435 γὰρ
442 384 536 434 ἐμὸν
561 383 850 435 παλινάγρετον
874 381 954 423 οὐδ’
979 380 1181 431 ἀπατηλὸν

73 449 148 491 οὐδ’
174 450 445 500 ἀτελεύτητον,
475 451 496 490 ὅ
520 452 562 490 τί
582 467 647 491 κεν
673 454 829 506 κεφαλῇ
853 446 1121 489 κατανεύσω.”

130 515 186 556 ”Ὴ
214 517 274 556 καὶ
306 516 515 572 κυανέῃσιν
543 516 602 556 ἐπ’
627 517 775 568 ὀφρύσι
800 519 916 556 νεῦσε
943 515 1132 566 Κρονίων·

73 583 290 636 ἀμβρόσιαι
317 583 348 622 δ’
376 582 451 636 ἄρα
474 587 609 636 χαῖται
634 582 909 635 ἐπερρώσαντο
934 581 1098 621 ἄνακτος

74 649 208 702 κρατὸς
229 649 294 689 ἀπ’
323 649 544 690 ἀθανάτοιο·
582 648 706 701 μέγαν
732 648 764 689 δ’
791 645 969 697 ἐλέλιξεν
987 646 1212 697 ’Όλυμποικ
1332 659 1395 690 530

136 716 200 756 Τώ
231 715 267 768 γ’
294 716 344 758 ὣς
371 716 642 767 βουλεύσαντε
667 715 886 767 διέτμαγεν·
924 715 946 765 ἡ
971 715 1043 765 μὲν
1068 714 1201 754 ἔπειτα

74 784 126 824 εἰς
151 781 228 822 ἅλα
254 783 349 822 ἆλτο
376 785 544 834 βαθεῖαν
571 782 635 823 ἀπ’
661 781 891 834 αἰγλήεντος
916 781 1134 831 Ὀλύμπου,

74 849 169 891 Ζεὺς
195 851 235 889 δὲ
263 849 328 890 ἑὸν
354 849 449 902 πρὸς
476 853 595 900 δῶμα·
634 849 714 889 θεοὶ
738 848 771 888 δ’
797 847 876 899 ἅμα
900 846 1042 888 πάντες
1068 845 1239 886 ἀνέσταν

72 915 118 965 ἐξ
140 915 258 956 ἑδέων
285 920 391 967 σφοῦ
419 915 563 968 πατρὸς
589 916 778 956 ἐναντίον·
817 913 904 954 οὐδέ
928 930 985 955 τις
1009 913 1101 963 ἔτλη

70 986 199 1033 μεῖναι
225 983 504 1036 ἐπερχόμενον,
532 982 624 1022 ἀλλ’
650 982 774 1022 ἀντίοι
800 982 919 1022 ἔσταν
945 980 1126 1020 ἅπαντες.
1331 990 1393 1022 535

71 1048 120 1090 ὣς
147 1050 167 1087 ὁ
191 1050 262 1098 μὲν
290 1049 383 1089 ἔνθα
409 1048 578 1098 καθέζετ’
605 1049 668 1089 ἐπὶ
695 1048 846 1100 θρόνου·
884 1046 973 1086 οὐδέ
996 1063 1062 1096 μιν
1079 1043 1189 1096 (Ἡρη

71 1115 282 1167 ἠγνοίησεν
311 1115 433 1155 ἶδοῦσ’
459 1116 518 1154 ὅτι
543 1117 578 1155 οἱ
604 1113 898 1166 συμφράσσατο
922 1113 1074 1162 βουλὰς

72 1182 314 1234 ἀργυρόπεζα
340 1181 458 1223 Θέτις
485 1180 654 1232 θυγάτηρ
680 1181 808 1220 ἁλίοιο
834 1178 1030 1231 γέροντος·

73 1248 207 1288 αὐτίκα
234 1248 471 1300 κερτομίοισι
499 1248 578 1287 Δία
603 1248 806 1297 Κρονίωνα
829 1246 1045 1298 προσηύδα·
1073 1249 1134 1267 ·‘

74 1314 170 1355 “τίς
194 1313 238 1364 δὴ
267 1314 313 1354 αὖ
338 1331 408 1359 τοι,
436 1316 646 1364 δολομῆτα,
675 1315 772 1353 θεῶν
798 1312 1089 1363 συμφράσσατο
1114 1309 1284 1362 βουλάς;
1329 1323 1392 1353 540

73 1381 150 1420 αἰεί
171 1397 231 1420 τοι
257 1382 379 1432 φίλον
407 1381 518 1420 ἐστὶν
543 1381 634 1430 ἐμεῦ
659 1379 885 1430 ἀπονόσφιν
911 1379 1026 1419 ἐόντα

74 1446 284 1498 κρυπτάδια
310 1446 529 1499 φρονέοντα
554 1445 768 1496 δικαζέμεν·
808 1443 895 1485 οὐδέ
919 1445 958 1485 τί
980 1444 1038 1484 πώ
1064 1460 1130 1495 μοι

72 1513 259 1564 πρόφρων
285 1512 476 1563 τέτληκας
502 1513 623 1553 εἰπεῖν
649 1512 741 1553 ἔπος
766 1512 849 1551 ὅττι
873 1509 1058 1566 νοήσῃς.”

135 1578 219 1628 Τὴν
244 1579 276 1618 δ’
303 1578 480 1629 ἠμείβετ’
507 1579 642 1619 ἔπειτα
667 1577 793 1629 πατὴρ
819 1578 969 1629 ἀνδρῶν
993 1593 1034 1616 τε
1059 1578 1157 1616 θεῶν
1181 1591 1234 1615 τε·

74 1643 228 1696 ““Ὴρη,
254 1645 306 1695 μὴ
334 1645 379 1695 δὴ
405 1645 554 1686 πάντας
579 1644 692 1695 ἐμοὺς
718 1643 904 1684 ἐπιέλπεο
928 1643 1070 1693 μύθους
1328 1654 1389 1684 545

72 1710 255 1761 εἰδήσειν·
293 1713 465 1764 χαλεποί
489 1728 548 1751 τοι
574 1710 704 1751 ἔσοντ’
731 1710 865 1764 ἀλόχῳ
892 1726 963 1761 περ
990 1709 1122 1764 ἐούσῃ·

72 1777 161 1817 ἀλλ’
187 1776 231 1818 ὃν
255 1777 325 1828 μέν
351 1777 384 1817 κ’
411 1779 577 1818 ἐπιεικὲς
601 1776 799 1827 ἀκουέμεν,
828 1776 871 1815 οὔ
896 1792 954 1817 τις
980 1775 1113 1815 ἔπειτα

72 1844 158 1883 οὔτε
183 1845 281 1884 θεῶν
305 1844 489 1894 πρότερος
515 1844 582 1883 τόν
608 1842 645 1894 γ’
671 1844 818 1883 εἵσεται
843 1841 922 1881 οὔτ’
948 1841 1175 1892 ἀνθρώπων·

16 1910 19 1932 ³
73 1907 115 1950 ὃν
139 1909 180 1950 δέ
205 1909 236 1949 κ’
262 1910 363 1961 ἐγὼν
386 1908 581 1959 ἀπάνευθε
607 1911 705 1948 θεῶν
731 1907 899 1958 ἐθέλωμι
924 1909 1077 1956 νοῆσαι,

73 1974 121 2026 μή
146 1992 182 2015 τι
207 1976 256 2016 σὺ
280 1980 399 2016 ταῦτα
424 1976 572 2015 ἕκαστα
597 1975 736 2026 διείρεο
760 1976 856 2025 μηδὲ
881 1972 1101 2024 μετάλλα.”
1326 1984 1390 2014 550

136 2041 214 2082 Τὸν
239 2042 271 2082 δ’
297 2041 472 2093 ἠμείβετ’
497 2041 632 2083 ἔπειτα
655 2044 806 2091 βοῶπις
831 2040 970 2080 πότνια
987 2038 1109 2090 Ἥρη·

75 2109 100 2124 “
116 2108 291 2149 αἰνότατε
317 2109 496 2159 Κρονίδη,
524 2111 636 2147 ποῖον
660 2107 728 2147 τὸν
751 2108 872 2156 μῦθον
898 2106 1042 2151 ἔειπες;

75 2174 134 2213 καὶ
156 2175 246 2224 λίην
270 2191 316 2214 σε
340 2173 462 2225 πάρος
486 2173 522 2225 γ’
550 2173 629 2213 οὔτ’
656 2174 806 2224 εἴρομαι
829 2172 917 2212 οὔτε
941 2172 1139 2221 μεταλλῶ,

113 2273 174 2303 524
198 2264 429 2304 κατανεύσομαι
451 2264 510 2295 Ar.
530 2263 618 2304 vulg.
638 2275 645 2294 z
679 2262 883 2302 ἐπινεύσομαι
908 2273 938 2294 v.
958 2261 977 2293 l.
1000 2266 1082 2300 ant„
1102 2262 1156 2292 eit.
1177 2260 1302 2292 Athen.
1321 2262 1364 2291 66
1378 2271 1394 2290 e

157 2317 220 2346 530
243 2310 357 2350 κρητὸς
373 2308 455 2340 Zen.
549 2316 609 2346 531
636 2306 810 2347 διέτμαγεν
826 2306 884 2336 ΑΓ.
907 2316 926 2335 c
938 2308 960 2336 d.
972 2304 1178 2341 egilprA
1195 2305 1220 2334 Β
1235 2305 1261 2335 C
1275 2304 1325 2335 Ge
1341 2304 1394 2333 Mc

72 2350 112 2382 al.
125 2362 132 2382 :
156 2350 325 2392 διέτμαγον
339 2356 401 2382 cet.
494 2360 559 2389 549
583 2349 719 2388 ἐθέλωμι
731 2349 787 2379 P¹‘—'
802 2360 808 2378 :
836 2362 911 2387 -οιμι
926 2353 990 2379 cet.
1093 2357 1157 2386 550
1181 2348 1224 2386 μὴ
1236 2347 1327 2387 σύγε
1341 2347 1392 2376 Vc

157 2403 220 2434 553
243 2396 316 2426 οὔτε
336 2394 414 2425 Rhi.
435 2392 610 2432 Aristoph.
628 2393 687 2424 Ar.
710 2392 823 2423 codd.:
849 2390 920 2425 οὐδὲ
938 2390 1002 2422 v.1.
1020 2395 1088 2422 ant.
1114 2389 1175 2422 Μ11
1269 2432 1307 2464 2
