<?xml version="1.0" encoding="UTF-8"?>
<!DOCTYPE html PUBLIC "-//W3C//DTD XHTML 1.0 Transitional//EN"
    "http://www.w3.org/TR/xhtml1/DTD/xhtml1-transitional.dtd">
<html xmlns="http://www.w3.org/1999/xhtml" xml:lang="en" lang="en">
 <head>
  <title>
</title>
<meta http-equiv="Content-Type" content="text/html;charset=utf-8" />
  <meta name='ocr-system' content='tesseract 3.04.00' />
  <meta name='ocr-capabilities' content='ocr_page ocr_carea ocr_par ocr_line ocrx_word'/>
</head>
<body>
  <div class='ocr_page' id='page_1' title='image "./operarecognoveru01homeuoft_0256.png"; bbox 0 0 1660 2802; ppageno 0'>
   <div class='ocr_carea' id='block_1_1' title="bbox 630 130 1105 172">
    <p class='ocr_par' dir='ltr' id='par_1_1' title="bbox 630 130 1105 172">
     <span class='ocr_line' id='line_1_1' title="bbox 630 130 1105 172; baseline -0.011 0"><span class='ocrx_word' id='word_1_1' title='bbox 630 138 690 172; x_wconf 83' lang='lat'>10.</span> <span class='ocrx_word' id='word_1_2' title='bbox 765 130 1023 168; x_wconf 82' lang='grc' dir='ltr'>ῐΛῙΑΔΟΣ</span> <span class='ocrx_word' id='word_1_3' title='bbox 1072 130 1105 167; x_wconf 90' lang='grc' dir='ltr'>Κ</span> 
     </span>
    </p>
   </div>
   <div class='ocr_carea' id='block_1_2' title="bbox 194 229 1657 2313">
    <p class='ocr_par' dir='ltr' id='par_1_2' title="bbox 194 229 1657 2313">
     <span class='ocr_line' id='line_1_2' title="bbox 267 229 1298 284; baseline -0.001 -10"><span class='ocrx_word' id='word_1_4' title='bbox 267 233 349 274; x_wconf 86' lang='grc' dir='ltr'>Τὸν</span> <span class='ocrx_word' id='word_1_5' title='bbox 374 232 406 273; x_wconf 83' lang='grc' dir='ltr'>δ’</span> <span class='ocrx_word' id='word_1_6' title='bbox 433 231 609 284; x_wconf 78' lang='grc' dir='ltr'>ἠμείβετ’</span> <span class='ocrx_word' id='word_1_7' title='bbox 636 231 770 272; x_wconf 79' lang='grc' dir='ltr'>ἔπειτα</span> <span class='ocrx_word' id='word_1_8' title='bbox 796 232 951 277; x_wconf 87' lang='grc' dir='ltr'>Δόλων,</span> <span class='ocrx_word' id='word_1_9' title='bbox 981 229 1180 281; x_wconf 76' lang='grc' dir='ltr'>Εὐμήδεος</span> <span class='ocrx_word' id='word_1_10' title='bbox 1203 229 1298 273; x_wconf 81' lang='grc' dir='ltr'>υἱός·</span> 
     </span>
     <span class='ocr_line' id='line_1_3' title="bbox 204 296 1291 353; baseline -0.004 -12"><span class='ocrx_word' id='word_1_11' title='bbox 204 303 230 319; x_wconf 83' lang='grc'><strong>“</strong></span> <span class='ocrx_word' id='word_1_12' title='bbox 245 302 381 353; x_wconf 77' lang='grc' dir='ltr'>τοιγὰρ</span> <span class='ocrx_word' id='word_1_13' title='bbox 408 301 485 352; x_wconf 86' lang='grc' dir='ltr'>ἐγὼ</span> <span class='ocrx_word' id='word_1_14' title='bbox 512 299 573 339; x_wconf 83' lang='grc' dir='ltr'>καὶ</span> <span class='ocrx_word' id='word_1_15' title='bbox 598 301 716 338; x_wconf 77' lang='grc' dir='ltr'>ταῦτα</span> <span class='ocrx_word' id='word_1_16' title='bbox 740 297 833 349; x_wconf 83' lang='grc' dir='ltr'>μάλ’</span> <span class='ocrx_word' id='word_1_17' title='bbox 860 296 1051 349; x_wconf 81' lang='grc' dir='ltr'>ἀτρεκέως</span> <span class='ocrx_word' id='word_1_18' title='bbox 1077 296 1291 347; x_wconf 81' lang='grc' dir='ltr'>καταλέξω.</span> 
     </span>
     <span class='ocr_line' id='line_1_4' title="bbox 200 361 1233 419; baseline -0.004 -12"><span class='ocrx_word' id='word_1_19' title='bbox 200 367 297 419; x_wconf 89' lang='grc' dir='ltr'>πρὸς</span> <span class='ocrx_word' id='word_1_20' title='bbox 320 369 391 417; x_wconf 79' lang='grc' dir='ltr'>μὲν</span> <span class='ocrx_word' id='word_1_21' title='bbox 417 366 512 407; x_wconf 82' lang='grc' dir='ltr'>ἁλὸς</span> <span class='ocrx_word' id='word_1_22' title='bbox 539 368 665 417; x_wconf 80' lang='grc' dir='ltr'>Κᾶρες</span> <span class='ocrx_word' id='word_1_23' title='bbox 691 365 752 404; x_wconf 88' lang='grc' dir='ltr'>καὶ</span> <span class='ocrx_word' id='word_1_24' title='bbox 779 365 949 406; x_wconf 78' lang='grc' dir='ltr'>Παίονες</span> <span class='ocrx_word' id='word_1_25' title='bbox 975 361 1233 416; x_wconf 79' lang='grc' dir='ltr'>ἀγκυλότοξοι</span> 
     </span>
     <span class='ocr_line' id='line_1_5' title="bbox 203 431 1198 485; baseline -0.004 -12"><span class='ocrx_word' id='word_1_26' title='bbox 203 434 263 473; x_wconf 83' lang='grc' dir='ltr'>καὶ</span> <span class='ocrx_word' id='word_1_27' title='bbox 290 433 461 485; x_wconf 83' lang='grc' dir='ltr'>Λέλεγες</span> <span class='ocrx_word' id='word_1_28' title='bbox 487 432 548 472; x_wconf 84' lang='grc' dir='ltr'>καὶ</span> <span class='ocrx_word' id='word_1_29' title='bbox 576 432 782 472; x_wconf 84' lang='grc' dir='ltr'>Καύκωνες</span> <span class='ocrx_word' id='word_1_30' title='bbox 808 431 885 471; x_wconf 82' lang='grc' dir='ltr'>δῖοί</span> <span class='ocrx_word' id='word_1_31' title='bbox 906 447 949 470; x_wconf 93' lang='grc' dir='ltr'>τε</span> <span class='ocrx_word' id='word_1_32' title='bbox 974 431 1198 482; x_wconf 86' lang='grc' dir='ltr'>Πελασγοί,</span> 
     </span>
     <span class='ocr_line' id='line_1_6' title="bbox 201 495 1525 552; baseline -0.004 -12"><span class='ocrx_word' id='word_1_33' title='bbox 201 500 297 552; x_wconf 83' lang='grc' dir='ltr'>πρὸς</span> <span class='ocrx_word' id='word_1_34' title='bbox 325 500 519 551; x_wconf 78' lang='grc' dir='ltr'>Θύμβρης</span> <span class='ocrx_word' id='word_1_35' title='bbox 544 498 576 537; x_wconf 80' lang='grc' dir='ltr'>δ’</span> <span class='ocrx_word' id='word_1_36' title='bbox 603 498 753 551; x_wconf 80' lang='grc' dir='ltr'>ἔλαχον</span> <span class='ocrx_word' id='word_1_37' title='bbox 779 498 916 537; x_wconf 86' lang='grc' dir='ltr'>Λύκιοι</span> <span class='ocrx_word' id='word_1_38' title='bbox 942 498 1081 537; x_wconf 87' lang='grc' dir='ltr'>Μυσοί</span> <span class='ocrx_word' id='word_1_39' title='bbox 1101 496 1134 536; x_wconf 79' lang='grc' dir='ltr'>τ’</span> <span class='ocrx_word' id='word_1_40' title='bbox 1160 495 1356 550; x_wconf 77' lang='grc' dir='ltr'>ἀγέρωχοι</span> <span class='ocrx_word' id='word_1_41' title='bbox 1461 508 1525 540; x_wconf 86' lang='lat'>430</span> 
     </span>
     <span class='ocr_line' id='line_1_7' title="bbox 202 564 1284 620; baseline -0.004 -14"><span class='ocrx_word' id='word_1_42' title='bbox 202 567 263 606; x_wconf 84' lang='grc' dir='ltr'>καὶ</span> <span class='ocrx_word' id='word_1_43' title='bbox 289 566 442 618; x_wconf 84' lang='grc' dir='ltr'>Φρύγες</span> <span class='ocrx_word' id='word_1_44' title='bbox 468 565 686 617; x_wconf 80' lang='grc' dir='ltr'>ἱππόμαχοι</span> <span class='ocrx_word' id='word_1_45' title='bbox 712 565 772 604; x_wconf 85' lang='grc' dir='ltr'>καὶ</span> <span class='ocrx_word' id='word_1_46' title='bbox 801 565 961 620; x_wconf 81' lang='grc' dir='ltr'>Μῄονες</span> <span class='ocrx_word' id='word_1_47' title='bbox 987 564 1284 615; x_wconf 82' lang='grc' dir='ltr'>ἱπποκορυσταί.</span> 
     </span>
     <span class='ocr_line' id='line_1_8' title="bbox 200 628 1094 683; baseline -0.003 -10"><span class='ocrx_word' id='word_1_48' title='bbox 200 634 306 673; x_wconf 77' lang='grc' dir='ltr'>ἀλλὰ</span> <span class='ocrx_word' id='word_1_49' title='bbox 330 633 390 682; x_wconf 89' lang='grc' dir='ltr'>τίη</span> <span class='ocrx_word' id='word_1_50' title='bbox 418 633 485 682; x_wconf 81' lang='grc' dir='ltr'>ἐμὲ</span> <span class='ocrx_word' id='word_1_51' title='bbox 509 635 629 671; x_wconf 83' lang='grc' dir='ltr'>ταῦτα</span> <span class='ocrx_word' id='word_1_52' title='bbox 654 628 899 683; x_wconf 82' lang='grc' dir='ltr'>διεξερέεσθε</span> <span class='ocrx_word' id='word_1_53' title='bbox 926 630 1094 676; x_wconf 84' lang='grc' dir='ltr'>ἕκαστα,·</span> 
     </span>
     <span class='ocr_line' id='line_1_9' title="bbox 200 697 1183 751; baseline -0.003 -12"><span class='ocrx_word' id='word_1_54' title='bbox 200 701 233 740; x_wconf 85' lang='grc' dir='ltr'>εἰ</span> <span class='ocrx_word' id='word_1_55' title='bbox 258 701 332 751; x_wconf 76' lang='grc' dir='ltr'>γὰρ</span> <span class='ocrx_word' id='word_1_56' title='bbox 357 698 402 749; x_wconf 74' lang='grc' dir='ltr'>δὴ</span> <span class='ocrx_word' id='word_1_57' title='bbox 428 697 601 749; x_wconf 87' lang='grc' dir='ltr'>μέματον</span> <span class='ocrx_word' id='word_1_58' title='bbox 624 698 772 750; x_wconf 84' lang='grc' dir='ltr'>Τρώων</span> <span class='ocrx_word' id='word_1_59' title='bbox 800 700 1006 737; x_wconf 81' lang='grc' dir='ltr'>καταδῦναι</span> <span class='ocrx_word' id='word_1_60' title='bbox 1032 697 1183 747; x_wconf 85' lang='grc' dir='ltr'>ὅμιλον,</span> 
     </span>
     <span class='ocr_line' id='line_1_10' title="bbox 200 762 1277 817; baseline -0.004 -11"><span class='ocrx_word' id='word_1_61' title='bbox 200 764 370 817; x_wconf 82' lang='grc' dir='ltr'>Θρήϊκες</span> <span class='ocrx_word' id='word_1_62' title='bbox 395 764 466 806; x_wconf 82' lang='grc' dir='ltr'>οἵδ’</span> <span class='ocrx_word' id='word_1_63' title='bbox 493 764 687 805; x_wconf 80' lang='grc' dir='ltr'>ἀπάνευθε</span> <span class='ocrx_word' id='word_1_64' title='bbox 713 762 910 814; x_wconf 83' lang='grc' dir='ltr'>νεήλυδες,</span> <span class='ocrx_word' id='word_1_65' title='bbox 938 763 1105 816; x_wconf 79' lang='grc' dir='ltr'>ἔσχατοι</span> <span class='ocrx_word' id='word_1_66' title='bbox 1129 762 1277 803; x_wconf 79' lang='grc' dir='ltr'>ἄλλων·</span> 
     </span>
     <span class='ocr_line' id='line_1_11' title="bbox 200 829 1657 884; baseline 0 -11"><span class='ocrx_word' id='word_1_67' title='bbox 200 835 241 873; x_wconf 88' lang='grc' dir='ltr'>ἐν</span> <span class='ocrx_word' id='word_1_68' title='bbox 267 832 309 872; x_wconf 90' lang='grc' dir='ltr'>δέ</span> <span class='ocrx_word' id='word_1_69' title='bbox 334 837 435 884; x_wconf 91' lang='grc' dir='ltr'>σφιν</span> <span class='ocrx_word' id='word_1_70' title='bbox 459 830 601 882; x_wconf 83' lang='grc' dir='ltr'>Ῥῆσος</span> <span class='ocrx_word' id='word_1_71' title='bbox 625 831 833 882; x_wconf 86' lang='grc' dir='ltr'>βασιλεύς,</span> <span class='ocrx_word' id='word_1_72' title='bbox 863 829 954 872; x_wconf 81' lang='grc' dir='ltr'>πάϊς</span> <span class='ocrx_word' id='word_1_73' title='bbox 979 829 1179 880; x_wconf 83' lang='grc' dir='ltr'>Ἠϊονῆος.</span> <span class='ocrx_word' id='word_1_74' title='bbox 1463 842 1526 874; x_wconf 82' lang='lat'>435</span> <span class='ocrx_word' id='word_1_75' title='bbox 1645 851 1657 879; x_wconf 59' lang='grc' dir='ltr'><strong><em>ο</em></strong></span> 
     </span>
     <span class='ocr_line' id='line_1_12' title="bbox 198 896 1611 949; baseline -0.001 -10"><span class='ocrx_word' id='word_1_76' title='bbox 198 903 265 939; x_wconf 80' lang='grc' dir='ltr'>τοῦ</span> <span class='ocrx_word' id='word_1_77' title='bbox 290 899 335 949; x_wconf 72' lang='grc' dir='ltr'>δὴ</span> <span class='ocrx_word' id='word_1_78' title='bbox 364 899 599 939; x_wconf 82' lang='grc' dir='ltr'>καλλίστους</span> <span class='ocrx_word' id='word_1_79' title='bbox 625 898 766 939; x_wconf 83' lang='grc' dir='ltr'>ἵππους</span> <span class='ocrx_word' id='word_1_80' title='bbox 795 899 877 938; x_wconf 85' lang='grc' dir='ltr'>ἴδον</span> <span class='ocrx_word' id='word_1_81' title='bbox 902 896 968 947; x_wconf 79' lang='grc' dir='ltr'>ἠδὲ</span> <span class='ocrx_word' id='word_1_82' title='bbox 996 897 1219 948; x_wconf 84' lang='grc' dir='ltr'>μεγίστους·</span> <span class='ocrx_word' id='word_1_83' title='bbox 1609 897 1611 899; x_wconf 60' lang='grc'><strong>’</strong></span> 
     </span>
     <span class='ocr_line' id='line_1_13' title="bbox 199 963 1193 1018; baseline -0.005 -12"><span class='ocrx_word' id='word_1_84' title='bbox 199 966 421 1017; x_wconf 85' lang='grc' dir='ltr'>λευκότεροι</span> <span class='ocrx_word' id='word_1_85' title='bbox 447 965 593 1018; x_wconf 87' lang='grc' dir='ltr'>χιόνος,</span> <span class='ocrx_word' id='word_1_86' title='bbox 620 965 738 1005; x_wconf 87' lang='grc' dir='ltr'>θείειν</span> <span class='ocrx_word' id='word_1_87' title='bbox 764 963 796 1004; x_wconf 88' lang='grc' dir='ltr'>δ’</span> <span class='ocrx_word' id='word_1_88' title='bbox 823 963 1030 1014; x_wconf 85' lang='grc' dir='ltr'>ἀνέμοισιν</span> <span class='ocrx_word' id='word_1_89' title='bbox 1055 964 1193 1013; x_wconf 86' lang='grc' dir='ltr'>ὁμοῖοι·</span> 
     </span>
     <span class='ocr_line' id='line_1_14' title="bbox 199 1029 1202 1086; baseline -0.004 -14"><span class='ocrx_word' id='word_1_90' title='bbox 199 1032 301 1084; x_wconf 77' lang='grc' dir='ltr'>ἅρμα</span> <span class='ocrx_word' id='word_1_91' title='bbox 326 1031 369 1072; x_wconf 82' lang='grc' dir='ltr'>δέ</span> <span class='ocrx_word' id='word_1_92' title='bbox 393 1034 429 1072; x_wconf 81' lang='grc' dir='ltr'>οἱ</span> <span class='ocrx_word' id='word_1_93' title='bbox 454 1035 590 1086; x_wconf 83' lang='grc' dir='ltr'>χρυσῷ</span> <span class='ocrx_word' id='word_1_94' title='bbox 616 1048 657 1071; x_wconf 93' lang='grc' dir='ltr'>τε</span> <span class='ocrx_word' id='word_1_95' title='bbox 686 1032 747 1070; x_wconf 83' lang='grc' dir='ltr'>καὶ</span> <span class='ocrx_word' id='word_1_96' title='bbox 774 1030 927 1084; x_wconf 81' lang='grc' dir='ltr'>ἀργύρῳ</span> <span class='ocrx_word' id='word_1_97' title='bbox 954 1030 994 1070; x_wconf 70' lang='grc' dir='ltr'>εὖ</span> <span class='ocrx_word' id='word_1_98' title='bbox 1021 1029 1202 1079; x_wconf 81' lang='grc' dir='ltr'>ἤσκηται·</span> 
     </span>
     <span class='ocr_line' id='line_1_15' title="bbox 197 1095 1161 1152; baseline -0.004 -13"><span class='ocrx_word' id='word_1_99' title='bbox 197 1099 340 1152; x_wconf 88' lang='grc' dir='ltr'>τεύχεα</span> <span class='ocrx_word' id='word_1_100' title='bbox 365 1100 404 1138; x_wconf 80' lang='grc' dir='ltr'>δὲ</span> <span class='ocrx_word' id='word_1_101' title='bbox 431 1098 598 1151; x_wconf 89' lang='grc' dir='ltr'>χρύσεια</span> <span class='ocrx_word' id='word_1_102' title='bbox 623 1097 811 1149; x_wconf 84' lang='grc' dir='ltr'>πελώρια,</span> <span class='ocrx_word' id='word_1_103' title='bbox 839 1099 968 1147; x_wconf 80' lang='grc' dir='ltr'>θαῦμα</span> <span class='ocrx_word' id='word_1_104' title='bbox 995 1095 1161 1142; x_wconf 80' lang='grc' dir='ltr'>ἰδέσθαι,</span> 
     </span>
     <span class='ocr_line' id='line_1_16' title="bbox 200 1162 1528 1218; baseline -0.002 -13"><span class='ocrx_word' id='word_1_105' title='bbox 200 1165 309 1216; x_wconf 76' lang='grc' dir='ltr'>ἤλυθ’</span> <span class='ocrx_word' id='word_1_106' title='bbox 335 1165 452 1218; x_wconf 77' lang='grc' dir='ltr'>ἔχων·</span> <span class='ocrx_word' id='word_1_107' title='bbox 490 1166 537 1203; x_wconf 80' lang='grc' dir='ltr'>τὰ</span> <span class='ocrx_word' id='word_1_108' title='bbox 560 1166 633 1214; x_wconf 81' lang='grc' dir='ltr'>μὲν</span> <span class='ocrx_word' id='word_1_109' title='bbox 660 1165 704 1204; x_wconf 81' lang='grc' dir='ltr'>οὔ</span> <span class='ocrx_word' id='word_1_110' title='bbox 731 1180 768 1204; x_wconf 93' lang='grc' dir='ltr'>τι</span> <span class='ocrx_word' id='word_1_111' title='bbox 794 1165 1099 1213; x_wconf 83' lang='grc' dir='ltr'>καταθνητοῖσιν</span> <span class='ocrx_word' id='word_1_112' title='bbox 1125 1162 1251 1203; x_wconf 81' lang='grc' dir='ltr'>ἔοικεν</span> <span class='ocrx_word' id='word_1_113' title='bbox 1461 1174 1528 1206; x_wconf 83' lang='lat'>440</span> 
     </span>
     <span class='ocr_line' id='line_1_17' title="bbox 197 1229 1181 1283; baseline -0.002 -12"><span class='ocrx_word' id='word_1_114' title='bbox 197 1231 413 1283; x_wconf 81' lang='grc' dir='ltr'>ἄνδρεσσιν</span> <span class='ocrx_word' id='word_1_115' title='bbox 438 1230 610 1283; x_wconf 84' lang='grc' dir='ltr'>φορέειν,</span> <span class='ocrx_word' id='word_1_116' title='bbox 637 1230 728 1270; x_wconf 84' lang='grc' dir='ltr'>ἀλλ’</span> <span class='ocrx_word' id='word_1_117' title='bbox 757 1229 990 1270; x_wconf 84' lang='grc' dir='ltr'>ἀθανάτοισι</span> <span class='ocrx_word' id='word_1_118' title='bbox 1019 1231 1181 1269; x_wconf 83' lang='grc' dir='ltr'>θεοῖσιν.</span> 
     </span>
     <span class='ocr_line' id='line_1_18' title="bbox 197 1295 1298 1348; baseline -0.003 -10"><span class='ocrx_word' id='word_1_119' title='bbox 197 1297 289 1338; x_wconf 83' lang='grc' dir='ltr'>ἀλλ’</span> <span class='ocrx_word' id='word_1_120' title='bbox 316 1299 383 1348; x_wconf 79' lang='grc' dir='ltr'>ἐμὲ</span> <span class='ocrx_word' id='word_1_121' title='bbox 407 1299 479 1348; x_wconf 81' lang='grc' dir='ltr'>μὲν</span> <span class='ocrx_word' id='word_1_122' title='bbox 505 1300 573 1337; x_wconf 79' lang='grc' dir='ltr'>νῦν</span> <span class='ocrx_word' id='word_1_123' title='bbox 598 1298 714 1347; x_wconf 87' lang='grc' dir='ltr'>νηυσὶ</span> <span class='ocrx_word' id='word_1_124' title='bbox 741 1295 995 1337; x_wconf 86' lang='grc' dir='ltr'>πελάσσετον</span> <span class='ocrx_word' id='word_1_125' title='bbox 1024 1295 1298 1347; x_wconf 87' lang='grc' dir='ltr'>ὠκυπόροισιν,</span> 
     </span>
     <span class='ocr_line' id='line_1_19' title="bbox 197 1361 1156 1416; baseline -0.003 -12"><span class='ocrx_word' id='word_1_126' title='bbox 197 1364 242 1414; x_wconf 87' lang='grc' dir='ltr'>ἠέ</span> <span class='ocrx_word' id='word_1_127' title='bbox 266 1381 315 1415; x_wconf 92' lang='grc' dir='ltr'>με</span> <span class='ocrx_word' id='word_1_128' title='bbox 340 1363 533 1414; x_wconf 83' lang='grc' dir='ltr'>δήσαντες</span> <span class='ocrx_word' id='word_1_129' title='bbox 557 1363 685 1404; x_wconf 86' lang='grc' dir='ltr'>λίπετ’</span> <span class='ocrx_word' id='word_1_130' title='bbox 715 1362 847 1403; x_wconf 82' lang='grc' dir='ltr'>αὐτόθι</span> <span class='ocrx_word' id='word_1_131' title='bbox 873 1361 985 1413; x_wconf 82' lang='grc' dir='ltr'>νηλέϊ</span> <span class='ocrx_word' id='word_1_132' title='bbox 1011 1365 1156 1416; x_wconf 80' lang='grc' dir='ltr'>δεσμῷ,</span> 
     </span>
     <span class='ocr_line' id='line_1_20' title="bbox 197 1430 1082 1483; baseline -0.005 -12"><span class='ocrx_word' id='word_1_133' title='bbox 197 1433 303 1483; x_wconf 82' lang='grc' dir='ltr'>ὄφρα</span> <span class='ocrx_word' id='word_1_134' title='bbox 328 1448 393 1471; x_wconf 82' lang='grc' dir='ltr'>κεν</span> <span class='ocrx_word' id='word_1_135' title='bbox 419 1431 586 1480; x_wconf 85' lang='grc' dir='ltr'>ἔλθητον</span> <span class='ocrx_word' id='word_1_136' title='bbox 612 1431 674 1470; x_wconf 79' lang='grc' dir='ltr'>καὶ</span> <span class='ocrx_word' id='word_1_137' title='bbox 700 1431 936 1482; x_wconf 82' lang='grc' dir='ltr'>πειρηθῆτον</span> <span class='ocrx_word' id='word_1_138' title='bbox 964 1430 1082 1479; x_wconf 83' lang='grc' dir='ltr'>ἐμεῖο,</span> 
     </span>
     <span class='ocr_line' id='line_1_21' title="bbox 196 1494 1525 1547; baseline -0.003 -11"><span class='ocrx_word' id='word_1_139' title='bbox 196 1498 240 1547; x_wconf 84' lang='grc' dir='ltr'>ἠὲ</span> <span class='ocrx_word' id='word_1_140' title='bbox 267 1497 349 1537; x_wconf 88' lang='grc' dir='ltr'>κατ’</span> <span class='ocrx_word' id='word_1_141' title='bbox 375 1497 493 1537; x_wconf 73' lang='grc' dir='ltr'>αἶσαν</span> <span class='ocrx_word' id='word_1_142' title='bbox 520 1497 651 1537; x_wconf 79' lang='grc' dir='ltr'>ἔειπον</span> <span class='ocrx_word' id='word_1_143' title='bbox 679 1498 721 1537; x_wconf 86' lang='grc' dir='ltr'>ἐν</span> <span class='ocrx_word' id='word_1_144' title='bbox 747 1498 849 1546; x_wconf 83' lang='grc' dir='ltr'>ὑμῖν,</span> <span class='ocrx_word' id='word_1_145' title='bbox 876 1494 921 1545; x_wconf 81' lang='grc' dir='ltr'>ἦε</span> <span class='ocrx_word' id='word_1_146' title='bbox 950 1496 1012 1536; x_wconf 86' lang='grc' dir='ltr'>καὶ</span> <span class='ocrx_word' id='word_1_147' title='bbox 1037 1494 1132 1534; x_wconf 81' lang='grc' dir='ltr'>οὐκί.</span> <span class='ocrx_word' id='word_1_148' title='bbox 1463 1507 1525 1538; x_wconf 83' lang='grc'>445</span> 
     </span>
     <span class='ocr_line' id='line_1_22' title="bbox 262 1559 1442 1615; baseline -0.001 -12"><span class='ocrx_word' id='word_1_149' title='bbox 262 1564 344 1604; x_wconf 84' lang='grc' dir='ltr'>Τὸν</span> <span class='ocrx_word' id='word_1_150' title='bbox 369 1563 400 1604; x_wconf 84' lang='grc' dir='ltr'>δ’</span> <span class='ocrx_word' id='word_1_151' title='bbox 425 1563 482 1615; x_wconf 80' lang='grc' dir='ltr'>ἄρ’</span> <span class='ocrx_word' id='word_1_152' title='bbox 507 1564 656 1615; x_wconf 83' lang='grc' dir='ltr'>ὑπόδρα</span> <span class='ocrx_word' id='word_1_153' title='bbox 684 1564 776 1603; x_wconf 83' lang='grc' dir='ltr'>ἰδὼν</span> <span class='ocrx_word' id='word_1_154' title='bbox 803 1561 990 1614; x_wconf 86' lang='grc' dir='ltr'>προσέφη</span> <span class='ocrx_word' id='word_1_155' title='bbox 1018 1560 1201 1614; x_wconf 87' lang='grc' dir='ltr'>κρατερὸς</span> <span class='ocrx_word' id='word_1_156' title='bbox 1229 1559 1442 1612; x_wconf 87' lang='grc' dir='ltr'>Διομήδης·</span> 
     </span>
     <span class='ocr_line' id='line_1_23' title="bbox 199 1627 1246 1682; baseline -0.001 -13"><span class='ocrx_word' id='word_1_157' title='bbox 199 1630 290 1682; x_wconf 76' lang='grc' dir='ltr'>“μὴ</span> <span class='ocrx_word' id='word_1_158' title='bbox 317 1630 361 1681; x_wconf 86' lang='grc' dir='ltr'>δή</span> <span class='ocrx_word' id='word_1_159' title='bbox 386 1647 452 1681; x_wconf 92' lang='grc' dir='ltr'>μοι</span> <span class='ocrx_word' id='word_1_160' title='bbox 476 1628 594 1681; x_wconf 78' lang='grc' dir='ltr'>φύξιν</span> <span class='ocrx_word' id='word_1_161' title='bbox 620 1647 677 1682; x_wconf 89' lang='grc' dir='ltr'>γε,</span> <span class='ocrx_word' id='word_1_162' title='bbox 711 1629 866 1675; x_wconf 86' lang='grc' dir='ltr'>Δόλων,</span> <span class='ocrx_word' id='word_1_163' title='bbox 895 1627 1101 1679; x_wconf 81' lang='grc' dir='ltr'>ἐμβάλλεο</span> <span class='ocrx_word' id='word_1_164' title='bbox 1127 1630 1246 1681; x_wconf 81' lang='grc' dir='ltr'>θυμῷ,</span> 
     </span>
     <span class='ocr_line' id='line_1_24' title="bbox 198 1693 1235 1749; baseline -0.004 -12"><span class='ocrx_word' id='word_1_165' title='bbox 198 1697 326 1737; x_wconf 85' lang='grc' dir='ltr'>ἐσθλά</span> <span class='ocrx_word' id='word_1_166' title='bbox 351 1714 421 1749; x_wconf 89' lang='grc' dir='ltr'>περ</span> <span class='ocrx_word' id='word_1_167' title='bbox 447 1697 650 1748; x_wconf 78' lang='grc' dir='ltr'>ἀγγείλας,</span> <span class='ocrx_word' id='word_1_168' title='bbox 679 1696 763 1736; x_wconf 85' lang='grc' dir='ltr'>ἐπεὶ</span> <span class='ocrx_word' id='word_1_169' title='bbox 792 1697 872 1735; x_wconf 85' lang='grc' dir='ltr'>ἵκεο</span> <span class='ocrx_word' id='word_1_170' title='bbox 900 1699 1035 1748; x_wconf 84' lang='grc' dir='ltr'>χεῖρας</span> <span class='ocrx_word' id='word_1_171' title='bbox 1060 1696 1099 1736; x_wconf 81' lang='grc' dir='ltr'>ἐς</span> <span class='ocrx_word' id='word_1_172' title='bbox 1124 1693 1235 1744; x_wconf 83' lang='grc' dir='ltr'>ἁμάς.</span> 
     </span>
     <span class='ocr_line' id='line_1_25' title="bbox 198 1761 1228 1816; baseline -0.004 -12"><span class='ocrx_word' id='word_1_173' title='bbox 198 1766 230 1804; x_wconf 83' lang='grc' dir='ltr'>εἰ</span> <span class='ocrx_word' id='word_1_174' title='bbox 255 1767 326 1815; x_wconf 83' lang='grc' dir='ltr'>μὲν</span> <span class='ocrx_word' id='word_1_175' title='bbox 351 1764 424 1816; x_wconf 87' lang='grc' dir='ltr'>γάρ</span> <span class='ocrx_word' id='word_1_176' title='bbox 451 1763 493 1803; x_wconf 85' lang='grc' dir='ltr'>κέ</span> <span class='ocrx_word' id='word_1_177' title='bbox 519 1780 565 1803; x_wconf 90' lang='grc' dir='ltr'>σε</span> <span class='ocrx_word' id='word_1_178' title='bbox 592 1766 659 1803; x_wconf 77' lang='grc' dir='ltr'>νῦν</span> <span class='ocrx_word' id='word_1_179' title='bbox 685 1762 944 1812; x_wconf 84' lang='grc' dir='ltr'>ἀπολύσομεν</span> <span class='ocrx_word' id='word_1_180' title='bbox 970 1761 1013 1811; x_wconf 81' lang='grc' dir='ltr'>ἠὲ</span> <span class='ocrx_word' id='word_1_181' title='bbox 1037 1763 1228 1812; x_wconf 84' lang='grc' dir='ltr'>μεθῶμεν,</span> 
     </span>
     <span class='ocr_line' id='line_1_26' title="bbox 197 1827 1525 1881; baseline -0.003 -12"><span class='ocrx_word' id='word_1_182' title='bbox 197 1830 219 1880; x_wconf 80' lang='grc' dir='ltr'><strong><em>ἦ</em></strong></span> <span class='ocrx_word' id='word_1_183' title='bbox 244 1848 286 1871; x_wconf 91' lang='grc' dir='ltr'>τε</span> <span class='ocrx_word' id='word_1_184' title='bbox 313 1831 373 1870; x_wconf 84' lang='grc' dir='ltr'>καὶ</span> <span class='ocrx_word' id='word_1_185' title='bbox 398 1831 564 1881; x_wconf 79' lang='grc' dir='ltr'>ὕστερον</span> <span class='ocrx_word' id='word_1_186' title='bbox 592 1829 707 1869; x_wconf 76' lang='grc' dir='ltr'>εἶσθα</span> <span class='ocrx_word' id='word_1_187' title='bbox 733 1830 826 1870; x_wconf 81' lang='grc' dir='ltr'>θοὰς</span> <span class='ocrx_word' id='word_1_188' title='bbox 854 1829 917 1869; x_wconf 85' lang='grc' dir='ltr'>ἐπὶ</span> <span class='ocrx_word' id='word_1_189' title='bbox 942 1830 1036 1878; x_wconf 85' lang='grc' dir='ltr'>νῆας</span> <span class='ocrx_word' id='word_1_190' title='bbox 1061 1827 1246 1879; x_wconf 83' lang='grc' dir='ltr'>Ἀχαιῶν,</span> <span class='ocrx_word' id='word_1_191' title='bbox 1460 1838 1525 1869; x_wconf 82' lang='grc'>450</span> 
     </span>
     <span class='ocr_line' id='line_1_27' title="bbox 196 1893 1073 1947; baseline -0.002 -11"><span class='ocrx_word' id='word_1_192' title='bbox 196 1897 240 1947; x_wconf 81' lang='grc' dir='ltr'>ἠὲ</span> <span class='ocrx_word' id='word_1_193' title='bbox 265 1896 505 1938; x_wconf 86' lang='grc' dir='ltr'>διοπτεύσων</span> <span class='ocrx_word' id='word_1_194' title='bbox 531 1893 552 1945; x_wconf 74' lang='grc' dir='ltr'>ἢ</span> <span class='ocrx_word' id='word_1_195' title='bbox 581 1897 810 1946; x_wconf 83' lang='grc' dir='ltr'>ἐναντίβιον</span> <span class='ocrx_word' id='word_1_196' title='bbox 837 1893 1073 1946; x_wconf 78' lang='grc' dir='ltr'>πολεμίξων·</span> 
     </span>
     <span class='ocr_line' id='line_1_28' title="bbox 196 1959 1341 2020; baseline -0.002 -17"><span class='ocrx_word' id='word_1_197' title='bbox 196 1965 229 2003; x_wconf 86' lang='grc' dir='ltr'>εἰ</span> <span class='ocrx_word' id='word_1_198' title='bbox 255 1963 298 2004; x_wconf 93' lang='grc' dir='ltr'>δέ</span> <span class='ocrx_word' id='word_1_199' title='bbox 323 1963 355 2003; x_wconf 88' lang='grc' dir='ltr'>κ’</span> <span class='ocrx_word' id='word_1_200' title='bbox 383 1965 475 2020; x_wconf 82' lang='grc' dir='ltr'>ἐμῇς</span> <span class='ocrx_word' id='word_1_201' title='bbox 501 1962 575 2003; x_wconf 83' lang='grc' dir='ltr'>ὑπὸ</span> <span class='ocrx_word' id='word_1_202' title='bbox 602 1964 718 2015; x_wconf 85' lang='grc' dir='ltr'>χερσὶ</span> <span class='ocrx_word' id='word_1_203' title='bbox 747 1963 880 2013; x_wconf 81' lang='grc' dir='ltr'>δαμεὶς</span> <span class='ocrx_word' id='word_1_204' title='bbox 905 1961 981 2002; x_wconf 84' lang='grc' dir='ltr'>ἀπὸ</span> <span class='ocrx_word' id='word_1_205' title='bbox 1007 1960 1127 2011; x_wconf 86' lang='grc' dir='ltr'>θυμὸν</span> <span class='ocrx_word' id='word_1_206' title='bbox 1153 1959 1341 2016; x_wconf 84' lang='grc' dir='ltr'>ὀλέσσῃς,</span> 
     </span>
     <span class='ocr_line' id='line_1_29' title="bbox 196 2025 1278 2080; baseline -0.003 -11"><span class='ocrx_word' id='word_1_207' title='bbox 196 2029 319 2070; x_wconf 82' lang='grc' dir='ltr'>οὐκέτ’</span> <span class='ocrx_word' id='word_1_208' title='bbox 345 2030 480 2070; x_wconf 79' lang='grc' dir='ltr'>ἔπειτα</span> <span class='ocrx_word' id='word_1_209' title='bbox 508 2029 557 2069; x_wconf 81' lang='grc' dir='ltr'>σὺ</span> <span class='ocrx_word' id='word_1_210' title='bbox 584 2030 692 2080; x_wconf 79' lang='grc' dir='ltr'>πῆμά</span> <span class='ocrx_word' id='word_1_211' title='bbox 718 2029 804 2070; x_wconf 75' lang='grc' dir='ltr'>ποτ’</span> <span class='ocrx_word' id='word_1_212' title='bbox 830 2029 970 2069; x_wconf 81' lang='grc' dir='ltr'>ἔσσεαι</span> <span class='ocrx_word' id='word_1_213' title='bbox 996 2025 1278 2080; x_wconf 74' lang='grc' dir='ltr'>Ἀργείοισιν.”</span> 
     </span>
     <span class='ocr_line' id='line_1_30' title="bbox 260 2093 1295 2148; baseline -0.004 -12"><span class='ocrx_word' id='word_1_214' title='bbox 260 2096 325 2143; x_wconf 63' lang='lat' dir='ltr'>‘&#39;H,</span> <span class='ocrx_word' id='word_1_215' title='bbox 355 2097 416 2136; x_wconf 86' lang='grc' dir='ltr'>καὶ</span> <span class='ocrx_word' id='word_1_216' title='bbox 441 2098 461 2135; x_wconf 92' lang='grc' dir='ltr'>ὁ</span> <span class='ocrx_word' id='word_1_217' title='bbox 486 2096 559 2147; x_wconf 87' lang='grc' dir='ltr'>μέν</span> <span class='ocrx_word' id='word_1_218' title='bbox 586 2114 653 2146; x_wconf 86' lang='grc' dir='ltr'>μιν</span> <span class='ocrx_word' id='word_1_219' title='bbox 677 2096 820 2146; x_wconf 80' lang='grc' dir='ltr'>ἔμελλε</span> <span class='ocrx_word' id='word_1_220' title='bbox 848 2096 1000 2147; x_wconf 83' lang='grc' dir='ltr'>γενείου</span> <span class='ocrx_word' id='word_1_221' title='bbox 1023 2094 1125 2147; x_wconf 87' lang='grc' dir='ltr'>χειρὶ</span> <span class='ocrx_word' id='word_1_222' title='bbox 1151 2093 1295 2148; x_wconf 82' lang='grc' dir='ltr'>παχείῃ</span> 
     </span>
     <span class='ocr_line' id='line_1_31' title="bbox 237 2184 1514 2226; baseline 0 -10"><span class='ocrx_word' id='word_1_223' title='bbox 237 2197 298 2225; x_wconf 83' lang='lat'>427</span> <span class='ocrx_word' id='word_1_224' title='bbox 325 2187 388 2225; x_wconf 73' lang='grc' dir='ltr'>ἐγὼ</span> <span class='ocrx_word' id='word_1_225' title='bbox 405 2187 454 2218; x_wconf 81' lang='grc' dir='ltr'>καὶ</span> <span class='ocrx_word' id='word_1_226' title='bbox 472 2184 529 2215; x_wconf 78' lang='lat' dir='ltr'>Ar.</span> <span class='ocrx_word' id='word_1_227' title='bbox 550 2189 659 2216; x_wconf 81' lang='lat' dir='ltr'>defh</span> <span class='ocrx_word' id='word_1_228' title='bbox 675 2185 716 2216; x_wconf 85' lang='lat' dir='ltr'>al.</span> <span class='ocrx_word' id='word_1_229' title='bbox 733 2197 738 2216; x_wconf 89' lang='lat'><strong>:</strong></span> <span class='ocrx_word' id='word_1_230' title='bbox 766 2187 830 2226; x_wconf 75' lang='grc' dir='ltr'>ἐγώ</span> <span class='ocrx_word' id='word_1_231' title='bbox 847 2199 895 2217; x_wconf 85' lang='grc' dir='ltr'>τοι</span> <span class='ocrx_word' id='word_1_232' title='bbox 913 2185 1001 2224; x_wconf 75' lang='lat' dir='ltr'>vulg.</span> <span class='ocrx_word' id='word_1_233' title='bbox 1162 2185 1325 2226; x_wconf 78' lang='grc' dir='ltr'>ἀγορεύσω</span> <span class='ocrx_word' id='word_1_234' title='bbox 1341 2186 1435 2217; x_wconf 83' lang='lat' dir='ltr'>noT</span> <span class='ocrx_word' id='word_1_235' title='bbox 1450 2186 1493 2217; x_wconf 87' lang='lat' dir='ltr'>al.</span> <span class='ocrx_word' id='word_1_236' title='bbox 1508 2197 1514 2216; x_wconf 80' lang='lat' dir='ltr'><em>z</em></span> 
     </span>
     <span class='ocr_line' id='line_1_32' title="bbox 195 2227 1517 2271; baseline -0.002 -9"><span class='ocrx_word' id='word_1_237' title='bbox 195 2229 335 2271; x_wconf 75' lang='grc' dir='ltr'>ἀγορεύω</span> <span class='ocrx_word' id='word_1_238' title='bbox 347 2228 387 2258; x_wconf 88' lang='lat' dir='ltr'>V¹</span> <span class='ocrx_word' id='word_1_239' title='bbox 479 2238 538 2267; x_wconf 85' lang='lat'>431</span> <span class='ocrx_word' id='word_1_240' title='bbox 558 2228 734 2269; x_wconf 79' lang='grc' dir='ltr'>ἱππόμαχοι</span> <span class='ocrx_word' id='word_1_241' title='bbox 746 2227 969 2259; x_wconf 75' lang='lat' dir='ltr'>Ar.12V1V¹⁵:</span> <span class='ocrx_word' id='word_1_242' title='bbox 992 2228 1161 2268; x_wconf 85' lang='grc' dir='ltr'>ἱππόδαμοι</span> <span class='ocrx_word' id='word_1_243' title='bbox 1172 2229 1259 2267; x_wconf 83' lang='lat' dir='ltr'>vulg.</span> <span class='ocrx_word' id='word_1_244' title='bbox 1352 2230 1415 2268; x_wconf 81' lang='grc'>438</span> <span class='ocrx_word' id='word_1_245' title='bbox 1435 2230 1517 2271; x_wconf 78' lang='grc' dir='ltr'>ἅρμα</span> 
     </span>
     <span class='ocr_line' id='line_1_33' title="bbox 194 2270 1516 2313; baseline -0.001 -9"><span class='ocrx_word' id='word_1_246' title='bbox 194 2273 230 2305; x_wconf 83' lang='grc' dir='ltr'>δέ</span> <span class='ocrx_word' id='word_1_247' title='bbox 244 2273 287 2313; x_wconf 84' lang='grc' dir='ltr'>οἵ]</span> <span class='ocrx_word' id='word_1_248' title='bbox 306 2273 430 2312; x_wconf 78' lang='grc' dir='ltr'>ἅρματα</span> <span class='ocrx_word' id='word_1_249' title='bbox 449 2272 482 2304; x_wconf 76' lang='grc' dir='ltr'>δὲ</span> <span class='ocrx_word' id='word_1_250' title='bbox 499 2275 569 2302; x_wconf 78' lang='lat' dir='ltr'>hi:</span> <span class='ocrx_word' id='word_1_251' title='bbox 594 2271 717 2313; x_wconf 79' lang='grc' dir='ltr'>ἅρματα</span> <span class='ocrx_word' id='word_1_252' title='bbox 733 2272 770 2304; x_wconf 85' lang='grc' dir='ltr'>δέ</span> <span class='ocrx_word' id='word_1_253' title='bbox 785 2273 813 2303; x_wconf 83' lang='grc' dir='ltr'>οἵ</span> <span class='ocrx_word' id='word_1_254' title='bbox 829 2282 880 2302; x_wconf 83' lang='lat' dir='ltr'>ae</span> <span class='ocrx_word' id='word_1_255' title='bbox 893 2271 954 2301; x_wconf 75' lang='grc' dir='ltr'>Μ10</span> <span class='ocrx_word' id='word_1_256' title='bbox 965 2270 1021 2302; x_wconf 86' lang='lat' dir='ltr'>Vll</span> <span class='ocrx_word' id='word_1_257' title='bbox 1151 2282 1213 2311; x_wconf 81' lang='grc'>445</span> <span class='ocrx_word' id='word_1_258' title='bbox 1238 2272 1274 2311; x_wconf 78' lang='grc' dir='ltr'>ὴὲ</span> <span class='ocrx_word' id='word_1_259' title='bbox 1291 2272 1347 2304; x_wconf 76' lang='grc' dir='ltr'>ΑΓ.</span> <span class='ocrx_word' id='word_1_260' title='bbox 1368 2271 1516 2303; x_wconf 77' lang='lat' dir='ltr'><strong>fhrV¹⁵</strong></span> 
     </span>
    </p>
   </div>
   <div class='ocr_carea' id='block_1_3' title="bbox 194 2315 1514 2392">
    <p class='ocr_par' dir='ltr' id='par_1_3' title="bbox 194 2315 1514 2392">
     <span class='ocr_line' id='line_1_34' title="bbox 197 2315 1514 2357; baseline 0.001 -10"><span class='ocrx_word' id='word_1_261' title='bbox 197 2316 289 2347; x_wconf 79' lang='lat' dir='ltr'><strong>Eust.</strong></span> <span class='ocrx_word' id='word_1_262' title='bbox 309 2328 314 2346; x_wconf 92' lang='lat'><strong>:</strong></span> <span class='ocrx_word' id='word_1_263' title='bbox 339 2318 359 2354; x_wconf 77' lang='grc' dir='ltr'>ἤ</span> <span class='ocrx_word' id='word_1_264' title='bbox 377 2318 416 2357; x_wconf 80' lang='grc' dir='ltr'>ῥα</span> <span class='ocrx_word' id='word_1_265' title='bbox 431 2320 495 2346; x_wconf 85' lang='lat' dir='ltr'><strong>cet.</strong></span> <span class='ocrx_word' id='word_1_266' title='bbox 635 2326 698 2353; x_wconf 74' lang='lat'>449</span> <span class='ocrx_word' id='word_1_267' title='bbox 723 2315 922 2354; x_wconf 82' lang='grc' dir='ltr'>ἀπολύσομαι</span> <span class='ocrx_word' id='word_1_268' title='bbox 940 2315 976 2353; x_wconf 80' lang='grc' dir='ltr'>ἠὲ</span> <span class='ocrx_word' id='word_1_269' title='bbox 991 2318 1129 2355; x_wconf 82' lang='grc' dir='ltr'>μεθῶμαι</span> <span class='ocrx_word' id='word_1_270' title='bbox 1148 2327 1169 2353; x_wconf 82' lang='lat' dir='ltr'><strong>q</strong></span> <span class='ocrx_word' id='word_1_271' title='bbox 1303 2325 1366 2354; x_wconf 82' lang='lat'>452</span> <span class='ocrx_word' id='word_1_272' title='bbox 1390 2315 1514 2357; x_wconf 76' lang='grc' dir='ltr'>δαμεὶς]</span> 
     </span>
     <span class='ocr_line' id='line_1_35' title="bbox 194 2358 1105 2392; baseline 0 -2"><span class='ocrx_word' id='word_1_273' title='bbox 194 2361 303 2392; x_wconf 76' lang='grc' dir='ltr'>τυπεὶς</span> <span class='ocrx_word' id='word_1_274' title='bbox 319 2359 383 2390; x_wconf 77' lang='lat' dir='ltr'>uA</span> <span class='ocrx_word' id='word_1_275' title='bbox 400 2369 444 2390; x_wconf 81' lang='lat' dir='ltr'>SS.</span> <span class='ocrx_word' id='word_1_276' title='bbox 468 2358 506 2389; x_wconf 76' lang='lat' dir='ltr'>L⁴</span> <span class='ocrx_word' id='word_1_277' title='bbox 521 2358 563 2389; x_wconf 65' lang='grc' dir='ltr'>Ν4</span> <span class='ocrx_word' id='word_1_278' title='bbox 576 2359 603 2388; x_wconf 82' lang='lat' dir='ltr'>T</span> <span class='ocrx_word' id='word_1_279' title='bbox 619 2358 659 2388; x_wconf 91' lang='lat' dir='ltr'>U¹</span> <span class='ocrx_word' id='word_1_280' title='bbox 672 2358 730 2389; x_wconf 42' lang='lat' dir='ltr'>Vt)</span> <span class='ocrx_word' id='word_1_281' title='bbox 748 2359 787 2389; x_wconf 83' lang='lat' dir='ltr'>al.</span> <span class='ocrx_word' id='word_1_282' title='bbox 879 2358 1031 2390; x_wconf 74' lang='grc' dir='ltr'>ὀλέσα-αις</span> <span class='ocrx_word' id='word_1_283' title='bbox 1047 2358 1105 2390; x_wconf 82' lang='grc' dir='ltr'>ΑΓ.</span> 
     </span>
    </p>
   </div>
  </div>
 </body>
</html>
