1624 2802
550 126 608 159 11.
683 120 939 158 ῙΛΙΑΔΟΣ
989 122 1021 158 A

125 222 248 274 ἰητροὶ
271 224 343 273 μὲν
368 224 441 274 γὰρ
468 223 728 274 Ποδαλείριος
753 222 820 272 ἠδὲ
848 220 1039 275 Μαχάων,

123 288 191 329 τὸν
214 290 286 340 μὲν
311 289 368 329 ἐνὶ
395 289 599 344 κλισίῃσιν
625 288 755 339 ὀΐομαι
781 289 895 331 ἕλκος
921 290 1076 342 ἔχοντα,

122 354 333 408 χρηΐζοντα
358 355 420 395 καὶ
446 354 564 395 αὐτὸν
588 355 786 405 ἀμύμονος
812 355 979 406 ἰητῆρος,
1383 361 1444 399 835

123 424 289 462 κεῖσθαι·
327 421 347 460 ὁ
372 421 404 460 δ’
431 422 473 461 ἐν
497 422 616 475 πεδίῳ
642 421 790 473 Τρώων
814 420 922 471 μένει
946 419 1039 470 ὀξὺν
1058 420 1223 473 ”Αρηα.”

186 486 268 527 Τὸν
292 487 324 527 δ’
350 487 441 528 affre
466 486 680 539 προσέειπε
708 488 921 527 Μενοιτίου
947 486 1111 537 ἄλκιμος
1135 488 1228 528 υἱός·

124 556 149 571 “
170 556 251 595 πῶς
275 553 309 593 τ’
334 552 395 605 ἄρ’
421 553 478 593 ἔοι
503 551 594 593 τάδε
620 553 735 605 ἔργω
773 555 812 593 τί
833 551 1009 605 ῥέξομεν,
1038 553 1234 604 Εὐρύπυλ’
1261 553 1379 605 ἥρως;

121 619 298 673 ἔρχομαι,
320 619 411 672 ὄφρ’
436 619 598 672 Ἀχιλῆϊ
626 619 809 672 δαΐφρονι
833 621 954 670 μῦθον
980 620 1141 664 ἐνίσπω,

120 685 166 726 δν
191 684 360 738 Νέστωρ
386 684 576 726 ἐπέτελλε
603 685 799 737 Γερήνιος,
828 686 939 737 οὖρος
966 685 1152 738 Ἀχαιῶν·
1383 691 1446 729 840

120 752 211 792 ἀλλ’
236 752 315 792 οὐδ’
341 753 393 793 ὣς
417 769 489 803 περ
517 756 602 792 σεῖο
627 751 788 803 μεθήσω
813 751 1092 804 τειρομένοιο.”

179 817 251 865 qH,
281 818 342 858 καὶ
367 818 442 859 ὑπὸ
469 818 650 871 στέρνοιο
674 820 815 870 λαβὼν
839 818 911 871 ἄγε
936 818 1101 869 ποιμένα
1124 821 1232 858 λαῶν

119 886 159 927 ἐς
186 887 358 936 κλισίην·
398 883 578 937 θεράπων
604 887 644 925 δὲ
673 886 764 925 ἰδὼν
788 885 954 939 ὑπέχευε
979 886 1129 935 βοείας.

118 951 212 992 ἔνθα
237 969 304 1003 μιν
332 952 549 994 ἐκτανύσας
575 953 618 992 ἐκ
642 955 766 1003 μηροῦ
791 950 910 1002 τάμνε
934 952 1108 1007 μαχαίρῃ

117 1016 186 1068 ὀξὺ
212 1018 335 1069 βέλος
362 1017 602 1070 περιπευκές,
630 1018 696 1059 ἀπ’
722 1019 837 1058 αὐτοῦ
861 1018 893 1058 δ’
920 1019 1014 1068 αἷμα
1041 1017 1219 1058 κελαινὸν
1382 1022 1442 1060 845

116 1084 193 1134 νίζ’
220 1086 330 1125 ὕδατι
356 1089 492 1140 λιαρῷ,
521 1086 584 1126 ἐπὶ
609 1087 650 1125 δὲ
674 1086 783 1137 ῥίζαν
807 1083 911 1136 βάλε
936 1083 1076 1136 πικρὴν

115 1152 233 1204 χερσὶ
261 1152 484 1204 διατρίψας,
511 1151 771 1204 ὀδυνήφατον,
797 1152 822 1202 ἥ
846 1154 882 1192 οἱ
907 1149 1064 1192 ἁπάσας

116 1217 205 1271 ἔσχ’
233 1218 383 1261 ὀδύνας·
421 1219 465 1259 τὸ
489 1221 561 1270 μὲν
587 1220 699 1260 ἕλκος
724 1218 921 1270 ἐτέρσετο,
949 1218 1129 1259 παύσατο
1155 1216 1186 1256 δ’
1213 1217 1318 1267 αἷμα.

156 1313 220 1350 833
244 1310 453 1352 ποδα]ληριος
468 1307 516 1359 15⁵
645 1310 796 1348 834-836
821 1319 882 1348 pro
908 1308 959 1339 his
984 1308 1089 1339 tribus
1108 1309 1263 1338 versibus
1283 1313 1442 1347 quattuor

114 1359 188 1390 hab.
201 1358 246 1407 υἷ’
346 1360 409 1398 838
435 1359 497 1399 ἔοι]
515 1359 570 1397 ἔην
587 1358 666 1390 Zen.
684 1370 690 1388 t
717 1358 753 1396 ἔη
772 1356 809 1388 ΡἸ
826 1355 884 1387 U¹⁰
902 1367 943 1387 SS.
962 1368 968 1387 ε
994 1356 1123 1388 ἐοντάδε
1141 1355 1186 1386 U⁹
1284 1360 1357 1395 post
1376 1356 1439 1393 838

114 1413 249 1433 versum
267 1412 370 1434 unum
388 1403 463 1432 add.
482 1401 528 1449 12⁵
670 1403 734 1440 839
761 1403 855 1432 ἐνίπω
871 1405 895 1431 k
1037 1400 1096 1438 841
1123 1399 1267 1439 μεθήσω]
1286 1399 1438 1438 ἀμελήσω

114 1446 215 1477 Zen.:
247 1447 425 1486 μεθήσομαι
450 1445 501 1476 Ge
521 1445 564 1475 Ν4
697 1445 762 1483 846
787 1447 913 1485 χλιαρῷ
939 1442 1051 1472 P¹U¹⁰
1074 1445 1112 1483 (X
1136 1443 1211 1473 add.
1239 1453 1279 1472 m.
1300 1446 1351 1482 p.)

114 1491 178 1528 848
203 1489 293 1530 ἔσχ’]
311 1490 381 1531 Υσχ’
397 1487 442 1537 12⁷³
