1660 2802
706 610 958 659 ΙΛΙΑΔΟΣ
1019 616 1059 657 Θ

715 802 871 854 Κόλος
905 803 1041 869 μάχη

214 923 321 966 Ἠὼς
345 926 418 976 μὲν
445 926 716 977 κροκόπεπλος
743 927 924 967 ἐκίδνατο
949 929 1085 968 πᾶσαν
1110 927 1170 968 ἐπ’
1197 927 1299 970 αἶαν.

215 992 314 1033 Ζεὺς
340 994 381 1032 δὲ
409 995 509 1032 θεῶν
536 993 684 1045 ἀγορὴν
711 992 908 1043 ποιήσατο
934 994 1236 1047 τερπικέραυνος

214 1057 409 1115 ἀκροτάτῃ
437 1064 588 1116 κορυφῇ
614 1059 894 1111 πολυδειράδος
921 1061 1166 1112 Οὐλύμποιο·

214 1124 329 1166 αὐτὸς
355 1125 397 1165 δέ
424 1125 495 1177 σφ’
521 1126 695 1178 ἀγόρευε,
725 1127 805 1166 θεοὶ
832 1126 863 1167 δ’
890 1127 965 1167 ὑπὸ
990 1127 1135 1170 πάντες
1159 1127 1313 1169 ἄκουον·

215 1193 240 1207 “
258 1190 420 1231 κέκλυτέ
443 1209 526 1242 μευ,
555 1192 699 1234 πάντες
724 1209 767 1233 τε
794 1194 875 1234 θεοὶ
901 1196 1033 1235 πᾶσαί
1053 1212 1095 1235 τε
1121 1194 1284 1241 θέαιναι,
1519 1211 1537 1242 5

214 1257 304 1309 ὄφρ’
331 1260 425 1298 εἴπω
452 1258 499 1298 τά
524 1276 572 1310 με
599 1259 717 1310 θυμὸς
745 1260 801 1300 ἐνὶ
828 1259 1025 1311 στήθεσσι
1052 1263 1214 1302 κελεύει.

212 1323 309 1375 μήτε
336 1341 394 1366 τις
420 1325 487 1365 οὗν
513 1325 651 1376 θήλεια
679 1326 767 1368 θεὸς
791 1327 837 1366 τό
860 1344 906 1379 γε
930 1327 1026 1378 μήτε
1053 1345 1111 1369 τις
1139 1328 1265 1381 ἄρσην

213 1390 382 1443 πειράτω
409 1391 614 1444 διακέρσαι
640 1393 733 1444 ἐμὸν
761 1394 866 1439 ἔπος,
900 1394 991 1434 ἀλλ’
1018 1394 1096 1446 ἅμα
1122 1394 1267 1438 πάντες

213 1458 360 1504 αἰνεῖτ’,
389 1459 494 1511 ὄφρα
519 1459 692 1512 τάχιστα
716 1459 941 1511 τελευτήσω
966 1461 1058 1501 τάδε
1084 1462 1191 1514 ἔργα.

212 1524 256 1564 ὃν
277 1524 308 1564 δ’
335 1524 382 1565 ἂν
408 1526 508 1577 ἐγὼν
536 1526 731 1567 ἀπάνευθε
757 1530 856 1567 θεῶν
883 1527 1072 1568 ἐθέλοντα
1098 1527 1230 1578 νοήσω
1499 1543 1537 1565 10

212 1591 366 1632 ἐλθόντ’
392 1590 414 1642 ἢ
442 1594 653 1644 Τρώεσσιν
680 1593 876 1645 ἀρηγέμεν
902 1591 924 1643 ἦ
952 1598 1161 1640 Δαναοῖσι,

211 1661 377 1712 πληγεὶς
404 1660 447 1699 οὐ
475 1662 571 1700 κατὰ
601 1662 750 1710 κόσμον
778 1661 984 1701 ἐλεύσεται
1009 1662 1285 1712 Οὔλυμπόνδε·

209 1726 234 1777 ἤ
258 1744 324 1777 μιν
352 1728 453 1767 ἑλὼν
478 1729 585 1779 ῥίψω
612 1729 651 1768 ἐς
677 1726 883 1779 Τάρταρον
907 1727 1106 1779 ἠερόεντα,

209 1796 305 1843 τῆλε
329 1793 435 1845 μάλ’,
462 1794 531 1847 ἧχι
556 1794 756 1845 βάθιστον
782 1794 856 1834 ὑπὸ
881 1795 1026 1847 χθονός
1051 1796 1138 1835 ἐστι
1162 1794 1366 1848 βέρεθρον,

210 1860 303 1900 ἔνθα
329 1860 525 1912 σιδήρειαί
548 1879 590 1901 τε
616 1863 737 1901 πύλαι
764 1861 826 1901 καὶ
851 1860 1021 1915 χάλκεος
1047 1861 1172 1907 οὐδός,
1496 1875 1532 1906 15

209 1928 360 1968 τόσσον
386 1928 509 1979 ἔνερθ’
535 1928 672 1968 Ἀΐδεω
702 1930 799 1969 ὅσον
823 1928 987 1980 οὐρανός
1012 1928 1094 1968 ἐστ’
1121 1929 1198 1969 ἀπὸ
1224 1929 1350 1981 γαίης·

209 1994 376 2047 γνώσετ’
403 1995 523 2035 ἔπειθ’
550 1996 646 2035 ὅσον
676 1996 752 2046 εἰμὶ
779 1998 878 2035 θεῶν
905 1994 1112 2047 κάρτιστος
1137 1995 1333 2036 ἁπάντων.

210 2061 295 2101 εἶδ’
320 2061 391 2114 ἄγε
415 2061 673 2113 πειρήσασθε,
704 2063 798 2108 θεοί,
826 2063 890 2102 ἵνα
916 2063 1037 2102 ε’ίὸετε
1062 2062 1219 2104 πάντες·

210 2128 346 2180 σειρὴν
371 2130 560 2181 χρυσείην
585 2127 632 2179 ἐξ
653 2128 864 2180 οὐρανόθεν
890 2128 1157 2180 κρεμάσαντες

209 2194 353 2237 πάντες
378 2194 410 2235 τ’
437 2194 655 2245 ἐξάπτεσθε
685 2196 766 2246 θεοὶ
792 2196 920 2236 πᾶσαί
941 2212 982 2235 τε
1007 2195 1170 2236 θέαιναι·
1491 2210 1531 2231 20

253 2295 266 2314 1
294 2289 370 2323 post
389 2295 418 2315 v.
440 2294 481 2323 52
499 2285 634 2324 scripsit
651 2285 734 2318 Zen.
856 2299 873 2326 4
901 2288 972 2329 ὑπὸ]
994 2289 1058 2328 ἅμα
1075 2298 1099 2326 g·
1209 2291 1230 2319 6
1253 2299 1317 2321 om.
1336 2288 1498 2338 cdeA
1512 2290 1540 2320 D

211 2327 252 2357 U¹
268 2327 311 2357 Vl
327 2328 368 2358 al.
491 2330 604 2369 ἀνώγει
623 2328 683 2359 V¹2
695 2329 749 2360 Vn
761 2329 819 2361 V¹⁵
836 2343 842 2361 :
869 2332 976 2374 ἐνείπῃ
995 2337 1019 2363 k
1209 2343 1225 2371 7
1252 2336 1331 2364 θεῶν
1347 2333 1405 2364 ΑΓ.
1428 2338 1453 2365 h

212 2382 250 2401 10
275 2372 430 2414 ἀπάτερθε
445 2371 619 2411 Aristoph.
638 2384 642 2404 :
668 2374 843 2413 μετόπισθε
863 2375 944 2405 Zen.
1085 2376 1121 2405 18
1145 2376 1262 2417 πασα[ι
1279 2375 1323 2424 ᾮἹ
