1629 2828
513 120 929 162 PRAEFATIO

0 232 1 271 ἶ
61 243 204 282 tamen
239 234 371 289 vulgo
405 234 534 276 hodie
570 235 778 289 leguntur.
855 235 905 275 Id
944 248 1115 288 quoque
1148 234 1382 276 tenendum

0 320 1 369 ᾗ
61 311 134 356 est,
156 304 273 357 quod
295 317 430 357 nuper
452 305 514 344 vir
535 304 585 344 cl.
604 304 792 344 Arturus
809 303 1019 345 Ludwich
1034 304 1347 344 demonstravit
1359 301 1385 354 ¹,

0 402 2 417 s
60 373 282 427 vulgatam
299 373 353 413 ab
371 372 684 425 antiquissimis
701 373 973 425 temporibus
990 372 1220 413 lectionem
1239 372 1295 413 ab
1313 371 1387 412 illa

0 436 1 486 J
62 440 339 484 Aristarchea
362 441 478 482 haud
502 455 599 481 raro
630 442 888 493 discrepare,
912 443 1096 482 eandem
1129 442 1184 481 ad
1216 441 1386 482 codices

0 543 1 548 ,
60 517 228 552 nostros
250 510 427 564 propius
448 511 663 551 accedere.
713 510 843 550 Vnde
867 510 1045 564 colligas
1063 510 1193 551 libros
1217 516 1388 551 nostros

62 593 146 621 non
172 593 229 620 ex
250 578 551 620 Alexandrina
573 578 718 631 aliqua
741 578 911 629 fabrica,
935 579 1010 620 sed
1041 593 1064 620 e
1084 578 1387 620 vetustissimis

61 647 383 701 exemplaribus
410 647 594 688 fluxisse.

76 726 79 728 ’
121 717 249 758 Dicat
271 716 452 758 fortasse
473 717 702 770 quispiam,
725 716 758 757 si
784 730 848 757 res
871 717 1081 758 eiusmodi
1111 730 1156 757 se
1184 716 1388 766 habeant,

63 786 256 840 profecto
278 785 468 826 dandam
497 799 589 826 esse
619 799 796 838 operam
828 791 875 826 ut
907 786 1008 826 solis
1039 786 1234 826 codicum
1267 786 1387 826 testi-

64 854 220 896 moniis
256 859 440 905 uta‘mun
479 854 677 906 neglecta
714 855 960 907 importuna
1002 854 1387 908 grammaticorum

62 923 313 965 eruditione.
383 923 483 963 Hoc
511 937 609 963 vero
641 924 700 963 ita
732 930 841 965 esset
874 923 1066 977 Scyllam
1098 923 1234 964 vitare
1266 929 1314 963 ut
1346 924 1389 962 in

63 991 318 1045 Charybdin
340 992 560 1032 incideres.

122 1061 297 1102 Etenim
320 1068 467 1101 textus
492 1061 715 1102 Homerici
744 1061 931 1101 studium
958 1067 1126 1101 tantum
1160 1060 1312 1101 aberat
1343 1067 1390 1100 ut

64 1130 462 1171 Alexandrinorum
500 1130 719 1170 inventum
756 1136 879 1179 esset,
915 1136 962 1169 ut
1000 1129 1085 1169 iam
1126 1130 1255 1170 tertio
1290 1135 1389 1169 ante

65 1198 367 1240 Aristarchum
399 1198 571 1240 saeculo
602 1197 785 1239 floreret.
847 1196 1139 1239 Antimachus
1167 1197 1292 1247 enim,
1316 1196 1389 1248 qui

65 1268 228 1320 primus
258 1268 429 1308 videtur
464 1267 648 1308 Homeri
681 1267 893 1316 διόρθωσιν
925 1267 1167 1317 instituisse,
1198 1266 1389 1319 aequalis

65 1344 157 1378 erat
187 1336 389 1377 Socratis,
452 1335 613 1376 Vt‘ille
643 1350 669 1377 a
701 1334 956 1390 Colophone
976 1335 1191 1387 Athenas,
1212 1337 1270 1376 sic
1303 1334 1389 1374 fere

66 1405 306 1458 insequenti
329 1404 498 1446 saeculo
521 1405 767 1446 Zenodotus
789 1405 845 1445 ab
870 1405 1048 1458 Epheso
1069 1404 1389 1446 Alexandriam

64 1474 196 1525 venit,
231 1481 363 1527 atque
400 1475 638 1514 doctrinam
677 1475 762 1514 iam
799 1474 1022 1526 antiquam
1061 1474 1182 1514 novis
1218 1473 1390 1514 sedibus

68 1542 221 1583 intulit.
301 1543 419 1583 Hinc
468 1542 598 1596 longa
639 1543 934 1584 recensionum
980 1543 1164 1584 Homeri
1205 1542 1389 1583 series—

67 1611 226 1652 Rhiani
268 1611 533 1652 Philemonis
576 1611 797 1664 Sosigenis
842 1611 1147 1664 Aristophanis
1196 1611 1391 1662 aliorum,

66 1680 140 1733 qui
173 1693 323 1721 omnes
356 1681 526 1733 saepius
564 1681 619 1721 ab
655 1680 915 1722 Aristarcho
950 1682 1148 1721 citantur.
1217 1681 1392 1721 Praeter

66 1763 149 1799 eas,
185 1762 294 1802 quae
328 1762 425 1791 cum
464 1764 490 1790 a
526 1749 702 1802 singulis
737 1750 838 1790 viris
871 1749 1088 1802 profectae
1121 1748 1205 1789 sint
1239 1750 1279 1788 αἱ
1310 1746 1391 1788 κατ’

67 1817 190 1869 ἄνδρα
220 1818 506 1871 appellantur,
527 1818 645 1858 aliud
676 1826 766 1859 erat
798 1832 932 1871 genus
964 1818 1202 1858 editionum
1235 1817 1392 1870 quibus

67 1887 245 1927 nomina
273 1901 298 1927 a
326 1887 571 1927 civitatibus
603 1887 739 1927 indita
769 1894 903 1927 erant.
965 1886 1096 1927 Tales
1117 1893 1214 1926 sunt
1238 1885 1393 1926 Massi-

69 1955 210 1996 liensis
241 1954 352 1997 Chia
372 1956 583 2010 Argolica
616 1955 780 2009 Cypria
813 1955 1030 2009 Sinopica,
1054 1955 1229 1996 fortasse
1260 1955 1390 1996 etiam

69 2022 286 2065 Cretensis
301 2032 344 2065 et
358 2024 540 2066 Aeolica
560 2039 567 2075 ;
601 2039 712 2078 quae
730 2025 906 2065 nomina
919 2026 1022 2077 quid
1038 2024 1171 2066 velint
1186 2025 1393 2064 incertum

69 2101 147 2135 est.
208 2093 349 2135 Credo
371 2094 574 2147 equidem
598 2094 646 2134 F.
669 2094 726 2134 A.
749 2094 898 2134 Wolf2
922 2100 1035 2135 recte
1061 2093 1273 2134 censuisse
1295 2106 1391 2132 cum

68 2176 145 2216 per
179 2177 228 2204 ea
265 2164 439 2204 nomina
477 2164 637 2204 diceret
674 2164 860 2217 patriam
898 2163 1058 2204 codicis
1095 2163 1300 2215 cuiusque
1337 2162 1392 2202 si-

69 2231 275 2284 gnificari,
311 2233 424 2272 unde
465 2232 627 2272 scilicet
669 2245 693 2271 a
735 2233 847 2284 regis
884 2231 1149 2285 Aegyptiaci
1192 2230 1396 2270 ministris

115 2342 125 2361 ¹
149 2344 190 2374 A.
207 2344 382 2382 Ludwich,
394 2343 455 2374 Die
466 2344 732 2384 Homcrvulgala
745 2345 793 2374 als
808 2343 1127 2375 vm·ale.2·andri,·u'scl2
1140 2343 1286 2374 crzet'cscn
1302 2342 1392 2382 1898.

113 2387 124 2405 ²
147 2387 244 2418 Wolf
256 2388 356 2419 Proll.
379 2398 410 2426 p.
428 2388 575 2418 clxxviii.

717 2442 749 2475 ix
