1660 2802
656 176 692 208 6.
766 168 1023 206 ΙᾹΙΑΔΟΣ
1070 168 1102 204 Ζ

219 278 257 316 οἵ
279 277 314 316 οἱ
341 277 532 326 ἐποίησαν
559 273 736 324 θάλαμον
762 273 823 312 καὶ
849 274 956 322 δῶμα
982 271 1042 311 καὶ
1068 269 1192 320 αὐλὴν

218 343 354 394 ἐγγύθι
378 359 420 382 τε
446 340 642 393 Πριάμοιο
670 340 731 379 καὶ
750 338 956 387 ’Έκτοροςᾋ
984 339 1027 377 ἐν
1054 337 1169 377 πόλει
1192 335 1303 392 ἄκρῃ.

219 408 297 448 ἕνθ’
318 407 475 459 “Em-cop
503 409 665 456 εἰσῆλθε
693 405 761 445 Διὶ·
787 406 920 456 φίλος,
947 405 989 444 ἐν
1014 403 1047 443 δ’
1072 402 1146 454 ἄρα
1169 403 1272 456 χειρὶ

220 475 338 528 ἔγχος
363 474 422 527 ἔχ’
449 472 707 525 ἑνδεκάπηχυ·
747 470 909 522 πάροιθε
935 472 975 510 δὲ
1001 469 1180 520 λάμπετο
1205 468 1343 520 δουρὸς

220 541 340 594 αἰχμὴ
366 541 545 593 χαλκείη,
574 539 660 590 περὶ
685 540 727 578 δὲ
754 537 923 590 χρύσεος
950 535 1013 576 θέε
1039 537 1198 587 πόρκης.
1480 547 1543 578 320

220 607 288 647 τὸν
313 606 345 645 δ’
372 606 449 658 εὗρ’
477 608 518 646 ἐν
543 604 706 658 θαλάμῳ
733 602 974 655 περικαλλέα
998 601 1125 655 τεύχε’
1151 602 1311 647 ἕποντα,

222 674 371 713 ἀσπίδα
396 672 457 712 καὶ
483 672 650 723 θώρηκα,
679 671 741 710 καὶ
769 670 922 722 ἀγκύλα
946 667 1031 718 τόξ’
1057 668 1258 720 ἁφόωντα·

221 739 378 791 Ἀργείη
405 739 438 778 δ’
463 737 609 788 Ἑλένη
634 737 717 788 μετ’
744 736 817 788 ἄρα
843 737 995 791 δμῳῇσι
1019 734 1196 788 γυναιξὶν

222 806 335 856 ἧστο,
365 805 426 845 καὶ
451 805 722 857 ἀμφιπόλοισι
748 803 962 854 περικλυτὰ
991 801 1085 854 ἔργα
1111 800 1258 841 κέλευε.

222 872 290 912 τὸν
316 871 348 911 δ’
367 870 523 922 ’Έκτωρ
549 872 757 911 νείκεσσεν
785 869 877 909 ἰδὼν
903 870 1084 921 αἰσχροῖς
1109 866 1288 908 ἐπέεσσι·
1484 877 1544 909 325

226 941 250 955 “
267 937 445 988 δαιμόνι’,
473 937 516 977 οὐ
541 939 612 988 μὲν
640 938 740 976 καλᾶ
766 937 893 989 χόλον
917 934 1021 975 τόνδ’
1049 934 1160 974 ἔνθεο
1186 936 1305 987 θυμῷ.

223 1005 314 1044 λαοὶ
338 1006 410 1054 μὲν
437 1004 674 1056 φθινύθουσι
700 1003 787 1054 περὶ
815 1003 955 1042 πτόλιν
981 1001 1074 1041 αἰπύ
1098 1017 1140 1040 τε
1164 1004 1297 1053 τεῖχος

224 1070 476 1122 μαρνάμενοι·
516 1069 585 1110 σέο
612 1069 644 1108 δ’
672 1068 786 1109 εἵνεκ’
815 1067 910 1118 ἀϋτή
936 1085 978 1107 τε
1003 1067 1199 1117 πτόλεμός
1224 1083 1266 1106 τε

224 1137 324 1177 ἄστυ
349 1137 428 1176 τόδ’
457 1135 687 1188 ἀμφιδέδηε·
728 1136 777 1175 σὺ
804 1135 837 1174 δ’
863 1134 911 1174 ἂν
935 1133 1133 1187 μαχέσαιο
1159 1133 1222 1173 καὶ
1248 1131 1372 1185 ἄλλῳ,

225 1204 269 1243 ὅν
294 1203 380 1243 τινά
405 1220 480 1243 που
507 1202 690 1253 μεθιέντα
714 1203 812 1242 ἴδοις
840 1204 1032 1253 στυγεροῦ
1053 1199 1257 1250 πολέμοιο.
1485 1210 1547 1242 330

225 1269 316 1309 ἀλλ’
341 1269 427 1315 ἄνα,
454 1268 506 1320 μὴ
532 1268 635 1322 τάχα
659 1268 759 1307 άστυ
786 1267 906 1319 πυρὸς
932 1267 1055 1316 δηΐοιο
1081 1265 1277 1317 θέρηται.”

291 1336 372 1376 Τὸν
397 1335 430 1375 δ’
456 1335 546 1375 αῧτε
571 1334 810 1387 προσέειπεν
838 1332 1101 1383 Ἀλέξανδρος
1126 1331 1312 1382 θεοειδής·

228 1401 422 1454 ωΈκτορ,
452 1403 541 1442 ἐπεί
560 1418 607 1451 με
635 1400 717 1440 κατ’
744 1400 863 1440 αἶσαν
892 1401 1091 1440 ἐνείκεσας
1117 1397 1197 1437 οὐδ’
1223 1398 1319 1449 ὑπὲρ
1343 1395 1476 1442 αῖσαν,

226 1467 389 1508 τοῦνεκά
414 1485 474 1507 τοι
500 1467 607 1519 ἐρέω·
647 1467 696 1507 σὺ
722 1469 762 1507 δὲ
791 1466 934 1506 σύνθεο
962 1466 1027 1505 καί
1047 1481 1118 1515 μευ
1144 1463 1329 1504 ἄκουσον·

227 1535 270 1574 οὔ
295 1551 356 1574 τοι
381 1535 457 1586 ἐγὼ
482 1534 628 1585 Τρώων
653 1534 807 1572 τόσσον
833 1533 942 1586 χόλῳ
970 1531 1056 1571 οὐδὲ
1084 1530 1251 1582 νεμέσσι
1487 1542 1548 1573 335

226 1601 328 1652 ἥμην
353 1602 395 1640 ἐν
421 1599 596 1654 θαλάμῳ,
625 1599 765 1639 ἔθελον
791 1598 822 1638 δ’
850 1598 940 1651 ἄχεϊ
965 1597 1275 1650 προτραπέσθαι.

227 1670 294 1707 νῦν
319 1666 361 1707 δέ
384 1684 431 1717 με
456 1665 687 1717 παρειποῦσ’
713 1665 863 1718 ἄλοχος
887 1667 1079 1715 μαλακοῖς
1105 1663 1293 1704 ἐπέεσσιν

226 1733 376 1785 ὥρμησ’
403 1734 442 1773 ἐς
468 1734 657 1782 πόλεμον·
696 1731 824 1771 δοκέει
849 1730 892 1771 δέ
916 1747 983 1782 μοι
1006 1731 1080 1770 ὧδε
1107 1730 1167 1769 καὶ
1192 1729 1294 1783 αὐτῷ

225 1800 346 1839 λώϊον
371 1799 579 1839 ἔσσεσθαι·
618 1799 702 1848 νίκη
730 1797 762 1837 δ’
789 1799 1048 1848 ἐπαμείβεται
1071 1795 1226 1848 ἄνδρας.

226 1865 316 1905 ἀλλ’
341 1864 412 1918 ἄγε
438 1868 506 1905 νῦν
532 1866 746 1914 ἐπίμεινον,
775 1863 913 1915 Ἀρήϊα
938 1864 1080 1916 τεύχεα
1105 1863 1194 1902 δύω·
1485 1873 1547 1904 340

1100 1928 1109 1942 ⁴)
1146 1928 1174 1944 ’.V-
1220 1927 1242 1942 ’ἱ

327 1963 336 1977 ,
366 1932 442 1984 ἐγὼ
467 1934 509 1972 δὲ
533 1930 698 1981 μέτειμι·
739 1930 979 1983 κιχήσεσθαι
1004 1928 1046 1969 δέ
1072 1946 1098 1968 σ
1135 1945 1217 1969 οιω.

229 1929 247 1981 ἦ
275 1933 290 1971 ’ί
314 1931 323 1945 ’

287 1996 366 2038 Ἲὶς
392 1997 509 2050 φάτο,
536 1996 605 2038 τὸν
631 1996 664 2037 δ’
691 1997 735 2036 οὔ
755 2013 792 2036 τι
818 1995 1003 2048 προσέφη
1031 1995 1285 2047 κορυθαίολος
1303 1992 1473 2042 ‘'Em-cop·

226 2063 295 2104 τὸν
319 2063 351 2103 δ’
377 2063 521 2114 Ἑλένη
547 2065 707 2114 μύθοισι
733 2063 937 2114 προσηύδα
960 2062 1208 2114 μειλιχίοισι·

229 2133 255 2147 “
271 2133 362 2181 δᾶερ
389 2131 494 2180 ἐμεῖο
521 2129 631 2170 κυνὸς
660 2127 935 2182 κακομηχάνου
961 2126 1216 2179 ὀκρυοέσσης,

227 2197 277 2236 ὥς
300 2195 339 2246 μ’
365 2195 480 2248 ὄφελ’
506 2195 623 2246 ἤματι
649 2200 701 2250 τῷ
729 2197 793 2235 ὅτε
817 2213 865 2246 με
891 2198 1046 2246 πρῶτον
1070 2193 1158 2233 τέκε
1182 2191 1308 2243 μήτηρ
1486 2202 1546 2233 345

228 2263 410 2315 οἴχεσθαι
435 2261 692 2314 προφέρουσα
718 2261 813 2311 κακὴ
839 2260 998 2312 ἀνέμοιο
1024 2260 1173 2300 θύελλα

266 2363 330 2391 322
353 2353 432 2393 τόξα
449 2352 578 2393 φόωντα
595 2363 623 2384 V.
639 2353 657 2384 l.
678 2359 760 2389 ant.,
779 2357 804 2383 h
819 2353 846 2383 D
861 2352 952 2383 L.;V1
967 2351 1023 2383 V¹²
1040 2353 1081 2384 al.
1217 2363 1279 2392 324
1305 2353 1372 2394 ἔργ’
1391 2351 1546 2384 ἐπέτελλε

225 2395 273 2426 M⁹
286 2395 351 2434 ΡΠ,
381 2395 429 2425 M⁷
455 2405 538 2425 corr.
716 2405 780 2434 330
810 2397 845 2428 ὅν
868 2396 941 2428 τινά
964 2396 1022 2426 ΑΓ,
1052 2395 1191 2426 M¹V¹0:
1224 2399 1253 2428 εἴ
1273 2395 1344 2428 τινά
1367 2395 1456 2434 vulg.

222 2449 284 2478 335
309 2439 431 2471 τόσσον
447 2440 556 2480 τρώων
573 2449 591 2469 c
603 2443 626 2468 h
761 2449 824 2479 343
848 2440 1000 2479 ἀμείβετο
1018 2442 1069 2471 δῖα
1084 2442 1241 2480 ’γυναικῶν
1257 2449 1292 2478 ε’,
1311 2449 1340 2469 v.
1357 2439 1376 2470 l.
1397 2439 1430 2468 in
1449 2438 1479 2468 Α
