1660 2802
584 118 643 151 10.
718 111 977 148 I.x1AAOE
1026 111 1058 148 Κ

157 215 243 267 ἄορι
269 212 516 264 θεινομένων,
547 215 769 265 ἐρυθαίνετο
794 213 826 253 δ’
853 214 985 264 αἵματι
1011 217 1116 266 γαῖα.

158 282 208 322 ὡς
233 283 272 321 δὲ
298 280 401 321 λέων
425 279 613 331 μήλοισιν
640 279 930 330 ἀσημάντοισιν
957 281 1146 327 ἐπελθών,
1415 287 1478 326 485

158 349 314 399 αἴγεσιν
340 344 362 396 ἢ
389 346 533 391 ὀΐεσσι,
563 348 659 386 κακὰ
685 345 866 398 φρονέων
892 347 1097 403 ἐνορούσῃ,

159 415 208 456 ὣς
233 416 304 464 μὲν
329 412 504 466 Θρήϊκας
528 412 671 464 ἄνδρας
699 411 877 467 ἐπῴχετο
901 412 1049 455 Τυδέος
1074 414 1167 459 υἱός,

158 481 263 532 ὅφρα
289 479 443 520 δυώδεκ’
469 479 653 530 ἔπεφνεν·
691 480 788 531 ἀτὰρ
814 479 1029 530 πολύμητις
1054 479 1286 526 Ὀδυσσεύς,

158 548 202 587 ὅν
227 563 313 586 τινα
336 545 523 596 Τυδείδης
550 545 634 597 ἄορι
661 544 824 596 πλήξειε
849 545 1066 598 παραστάς,

158 613 226 653 τὸν
253 612 285 652 δ’
311 611 503 654 Ὀδυσεὺς
526 612 742 664 μετόπισθε
767 614 910 663 λαβὼν
934 612 1053 654 ποδὸς
1078 611 1332 665 ἐξερύσασκε,
1416 625 1482 657 490

159 681 206 720 τὰ
232 678 410 731 φρονέων
436 680 534 718 κατὰ
559 680 692 729 θυμόν,
721 679 826 720 ὅπως
853 680 1106 733 καλλίτριχες
1129 679 1242 721 ἵπποι

158 747 243 798 ῥεῖα
268 745 461 786 διέλθοιεν
486 748 584 796 μηδὲ
607 746 838 798 τρομεοίατο
866 748 971 801 θυμῷ

159 816 309 863 νεκροῖς
341 813 608 863 ε’μβαίιιόντες·
647 811 848 862 ἀήθεσσον
873 814 948 864 γὰρ
973 812 1026 852 ἔτ’
1052 812 1190 853 αὐτῶν.

161 878 252 919 ἀλλ’
279 880 343 919 ὅτε
369 879 414 928 δὴ
440 881 622 929 βασιλῆα
647 878 840 932 κιχήσατο
863 878 1011 921 Τυδέος
1033 880 1127 924 υἱός,

160 946 227 985 τὸν
251 945 573 997 τρισκαιδέκατον
597 945 785 996 μελιηδέα
812 945 931 996 θυμὸν
957 946 1110 997 ἀπηύρα
1421 958 1482 989 495

162 1013 446 1062 ἀσθμαίνοντα·
487 1012 604 1052 κακὸν
628 1014 703 1063 γὰρ
728 1014 821 1064 ὄναρ
850 1014 1079 1064 κεφαλῆφιν
1105 1010 1249 1061 ἐπέστη

161 1078 231 1128 τὴν
256 1078 372 1124 νύκτ’,
399 1078 583 1119 Οἰνεΐδαο
610 1078 712 1123 πάϊς,
741 1080 802 1118 διὰ
826 1081 942 1129 μῆτιν
968 1077 1148 1128 Ἀθήνης.

162 1145 290 1196 τόφρα
315 1144 348 1183 δ’
375 1143 432 1195 ἄρ’
458 1146 477 1182 ὁ
502 1143 662 1195 τλήμων
688 1144 878 1185 Ὀδυσεὺς
904 1145 974 1184 λύε
997 1145 1181 1198 μώνυχας
1207 1145 1360 1189 ἵππους,

163 1211 237 1251 σὺν
262 1210 295 1250 δ’
321 1210 448 1263 ἤειρεν
475 1213 587 1261 ἱμᾶσι
613 1212 674 1251 καὶ
700 1209 914 1260 ἐξήλαυνεν
939 1211 1078 1261 ὁμίλου

162 1275 263 1331 τόξῳ
290 1276 566 1326 ἐπιπλήσσων,
595 1278 679 1317 ἐπεὶ
705 1276 747 1315 οὐ
772 1276 949 1329 μάστιγα
975 1276 1143 1329 φαεινὴν
1419 1288 1487 1319 500

163 1345 343 1384 ποικίλου
369 1345 410 1384 ἐκ
436 1345 590 1395 δίφροιο
614 1342 786 1393 νοήσατο
812 1343 953 1396 χερσὶν
977 1342 1154 1383 ἑλέσθαι·

162 1411 344 1462 ῥοίζησεν
369 1410 401 1449 δ’
427 1410 500 1462 ἄρα
525 1410 762 1461 πιφαύσκων
790 1408 980 1460 Διομήδεϊ
1004 1409 1085 1463 δίῳ.

231 1476 363 1528 Αὐτὰρ
388 1477 407 1515 ὁ
431 1475 639 1528 μερμήριζε
663 1475 790 1526 μένων
815 1476 836 1515 ὅ
861 1493 897 1516 τι
924 1475 1110 1515 κύντατον
1137 1474 1254 1526 ἕρδοι,

163 1540 186 1593 ἦ
212 1544 233 1583 ὅ
258 1560 303 1595 γε
328 1543 469 1595 δίφρον
494 1543 609 1588 ἑλών,
637 1543 698 1582 ὅθι
724 1543 884 1582 ποικίλα
908 1541 1037 1595 τεύχε’
1063 1541 1201 1587 ἔκειτο,

164 1611 284 1662 ῥυμοῦ
308 1608 457 1661 ἐξερύοι
482 1606 505 1658 ἦ
533 1607 693 1661 ἐκφέροι
718 1609 841 1661 ὑψόσ’
868 1609 1012 1661 ἀείρας,
1424 1620 1486 1652 505

164 1676 187 1727 ἦ
213 1677 268 1717 ἔτι
293 1680 370 1716 τῶν
395 1676 573 1716 πλεόνων
601 1678 770 1732 Θρῃκῶν
796 1675 874 1716 ἀπὸ
900 1675 1022 1727 θυμὸν
1048 1675 1193 1716 ἕλοιτο.

164 1743 233 1794 ἧος
259 1744 279 1782 ὁ
303 1742 410 1783 ταῦθ’
436 1743 605 1794 ὥρμαινε
631 1744 728 1783 κατὰ
753 1742 893 1795 φρένα,
920 1742 1051 1794 τόφρα
1076 1741 1108 1781 δ’
1134 1739 1281 1792 Ἀθήνη

166 1810 331 1862 ἐγγύθεν
358 1809 547 1860 ἱσταμένη
574 1809 760 1862 προσέφη
790 1808 991 1860 Διομήδεα
1017 1811 1113 1849 δῖον·

168 1879 191 1894 “
209 1877 353 1917 νόστου
379 1876 425 1926 δὴ
450 1878 609 1926 μνῆσαι,
637 1876 863 1928 μεγαθύμου
887 1874 1035 1918 Τυδέος
1060 1874 1130 1921 υἱέ,

166 1945 260 1993 νῆας
286 1943 350 1983 ἔπι
374 1942 593 1995 γλαφυράς,
621 1943 672 1993 μὴ
701 1943 762 1983 καὶ
788 1941 1072 1995 πεφοβημένος
1098 1942 1228 1998 ἔλθῃς,
1427 1953 1490 1984 5ῐο

166 2009 218 2061 μή
244 2010 320 2050 πού
343 2026 401 2050 τις
427 2011 488 2049 καὶ
513 2013 650 2060 Τρῶας
678 2010 878 2065 ἐγείρῃσιν
904 2009 991 2050 θεὸς
1015 2007 1179 2050 ἄλλος.”

229 2075 308 2118 ὁΩς
333 2075 441 2128 φάθ’,
469 2077 488 2115 ὁ
513 2078 554 2116 δὲ
579 2075 740 2126 ξυνέηκε
766 2078 855 2117 θεᾶς
881 2077 959 2116 ὅπα
985 2074 1244 2127 φωνησάσης,

171 2143 424 2195 καρπαλίμως
449 2142 480 2182 δ’
507 2144 635 2182 ἵππων
661 2142 898 2193 ἐπεβήσετο·
938 2142 1040 2194 κόψε
1066 2141 1097 2180 δ’
1123 2141 1345 2182 Ὀδυσσεὺς

213 2238 275 2276 484
294 2235 488 2277 {pusulae-ro]
504 2236 692 2275 φοινίσσετο
710 2236 817 2268 schol.
835 2235 892 2265 Ar.
910 2235 979 2265 Pax
992 2245 1054 2274 302
1071 2233 1164 2266 Suid.
1279 2233 1344 2273 489
1360 2234 1491 2273 πλήξειε

170 2283 227 2314 Ar.
248 2284 366 2314 codd.:
392 2284 557 2323 πλήξασκε
573 2293 602 2314 V.
619 2285 637 2314 l.
657 2289 723 2314 ant⁴
830 2292 894 2322 493
919 2284 1128 2323 ἐμβαίνοντες
1143 2285 1169 2313 h
1186 2281 1227 2312 al.
1248 2291 1254 2311 :
1279 2280 1490 2319 ἀμβαίνοντες

170 2327 259 2366 vulg.
373 2328 469 2358 αὐτὸν
485 2337 513 2356 ν.
529 2327 547 2356 1.
566 2332 635 2357 ant.
790 2337 852 2366 497
869 2337 933 2358 om.
951 2327 1030 2359 Zen.
1051 2325 1238 2364 A1·istoph.,
1256 2324 1322 2355 ath.
1342 2322 1402 2353 Ar.

171 2380 233 2411 505
259 2371 351 2412 ὑψόσ’
368 2376 401 2401 et
419 2372 496 2411 ὑψοῦ
513 2370 571 2401 Ar.
594 2371 719 2410 (διχῶς)
737 2381 743 2400 z
769 2372 846 2410 ὑψοῦ
862 2375 886 2401 h
898 2369 957 2401 V¹⁵
