1624 2802
547 111 583 146 7.
654 107 915 146 ΙΛΙΑΔΟΣ
962 109 1000 146 H

119 205 273 259 κήομεν·
309 208 477 260 ὕστερον
501 208 592 250 αὖτε
615 210 876 263 μαχησόμεθ’,
905 212 958 253 εἰς
983 211 1005 250 ὅ
1030 228 1071 251 κε
1097 213 1244 263 δαίμων

118 273 219 326 ἄμμε
243 275 430 330 διακρίνῃ,
459 276 536 331 δώῃ
563 275 595 316 δ’
622 275 800 328 ἑτέροισί
817 293 863 328 γε
888 276 1035 327 νίκην.”

177 339 256 383 ὀΩς
281 340 409 393 ἔφαθ’,
437 343 472 382 οἱ
496 341 528 381 δ’
554 341 627 393 ἄρα
652 341 798 384 πάντες
822 342 919 392 ἀκὴν
944 342 1125 394 ἐγένοντο
1151 351 1293 402 σιωπῇ·

118 407 195 459 ὀψὲ
219 408 259 447 δὲ
285 407 329 457 δὴ
355 407 535 458 μετέειπε
558 407 662 459 βοὴν
688 407 835 460 ἀγαθὸς
862 409 1074 460 Διομήδης·

119 476 145 491 “
158 472 246 525 μήτ’
271 473 318 525 ἄρ
342 490 400 515 τις
424 478 490 515 νῦν
518 473 675 525 κτήματ’
700 473 979 526 Ἀλεξάνδροιο
1005 474 1181 528 δεχέσθω
1367 490 1433 520 400

115 539 204 591 μήθ’
227 539 408 591 Ἑλένην·
446 541 597 593 γνωτὸν
622 542 664 581 δὲ
689 541 750 581 καὶ
775 539 817 582 ὃς
841 540 949 591 μάλα
975 540 1111 590 νήπιός
1138 543 1258 587 ἐστιν,

117 606 168 649 ὡς
191 605 262 657 ἤδη
287 607 498 658 Τρώεσσιν
523 606 689 659 ὀλέθρου
713 606 863 658 πείρατ’
889 607 1099 659 ἐφῆπται.”

177 671 257 715 ‘¹525
281 673 409 725 ἔφαθ’,
436 675 472 714 οἱ
497 673 528 713 δ’
553 673 627 725 ἄρα
651 673 795 715 πάντες
821 674 986 726 ἐπίαχον
1011 675 1089 715 υἷες
1113 673 1298 727 Ἀχαιῶν,

115 741 235 790 μῦθον
260 738 534 791 ἀγασσάμενοι
561 739 777 790 Διομήδεος
803 739 1050 790 ἱπποδάμοιο·

118 806 178 845 καὶ
202 804 280 845 τότ’
306 805 364 857 ἄρ’
389 805 531 847 Ἰδαῖον
555 806 739 858 προσέφη
767 807 903 858 κρείων
928 805 1200 857 Ἀγαμέμνων·
1368 819 1430 849 405

118 873 144 890 “
158 871 281 917 Ἰδαῖ’,
308 871 394 922 ἤτοι
416 875 539 923 μῦθον
563 872 737 926 Ἀχαιῶν
762 872 876 914 αὐτὸς
901 872 1065 917 ἀκούεις,

117 938 168 979 ὥς
191 954 252 978 τοι
275 938 563 990 ὑποκρίνονται·
601 939 686 989 ἐμοὶ
711 938 743 979 δ’
770 938 992 978 ἐπιανδάνει
1018 939 1150 979 οὕτως.

117 1004 218 1056 ἀμφὶ
242 1006 284 1044 δὲ
310 1009 508 1057 νεκροῖσιν
534 1004 790 1056 κατακαιέμεν
814 1005 857 1044 οὔ
882 1021 919 1044 τι
943 1005 1129 1057 μεγαίρω·

117 1070 162 1110 οὐ
185 1069 259 1122 γάρ
284 1087 342 1112 τις
367 1072 490 1123 φειδὼ
515 1072 661 1112 νεκύων
686 1071 1013 1121 κατατεθνηώτων

117 1136 277 1188 γίγνετ’,
304 1137 392 1177 ἐπεί
414 1154 455 1177 κε
480 1137 641 1183 θάνωσι,
668 1137 788 1189 πυρὸς
811 1137 1071 1189 μειλισσέμεν
1097 1134 1188 1176 ῶκα.
1370 1150 1432 1180 410

117 1203 226 1255 ὅρκια
250 1205 291 1243 δὲ
317 1203 416 1246 Ζεὺς
433 1205 545 1250 ἵστω,
573 1205 802 1256 ἐρίγδουπος
827 1204 944 1245 πόσις
961 1203 1130 1255 (Ἠρηςῗ

177 1267 256 1311 ὁΩς
280 1270 400 1310 εἰπὼν
423 1270 468 1310 τὸ
494 1273 694 1322 σκῆπτρον
720 1270 914 1323 ἀνέσχεθε
938 1273 1038 1310 πᾶσι
1064 1272 1225 1313 θεοῖσιν,

118 1334 296 1388 ἄψορρον
321 1336 354 1376 δ’
381 1335 522 1379 Ἰδαῖος
547 1338 623 1388 ἔβη
649 1338 762 1389 προτὶ
781 1336 909 1377 Ἴλιον
935 1336 1034 1388 ἱρήν.

116 1403 152 1442 οἱ
177 1401 209 1441 δ’
235 1401 314 1442 ἕατ’
340 1404 397 1443 εἶν
422 1403 545 1460 ἀγορῇ
568 1406 701 1454 Τρῶες
726 1404 788 1443 καὶ
815 1404 1100 1455 Δαρδανίωνες,

117 1467 259 1510 πάντες
284 1469 505 1521 ὁμηγερέες,
533 1469 808 1522 ποτιδέγμενοι
833 1469 972 1510 ὁππότ’
998 1469 1056 1520 ἄρ’
1082 1469 1191 1508 ἔλθοι
1371 1481 1431 1510 4¹5

118 1533 270 1576 Ἰδαῖος·
309 1536 329 1574 ὁ
353 1535 386 1575 δ’
410 1535 470 1588 ἄρ’
496 1535 593 1586 ἦλθε
618 1537 682 1576 καὶ
707 1537 899 1588 ἀγγελίην
925 1536 1088 1576 ἀπέειπε

117 1603 214 1643 στὰς
239 1603 282 1642 ἐν
306 1601 534 1652 μέσσοισιν·
572 1603 632 1643 τοὶ
657 1602 690 1642 δ’
717 1603 934 1652 ὡπλίζοντο
959 1602 1052 1653 μάλ’
1078 1600 1169 1646 ὦκα,

117 1668 353 1720 ἀμφότερον,
380 1668 517 1711 νέκυάς
540 1668 574 1708 τ’
600 1669 761 1721 ἀγέμεν,
790 1670 915 1721 ἕτεροι
939 1671 979 1708 δὲ
1004 1668 1088 1719 μεθ’
1113 1670 1224 1718 ὕλην·

118 1732 290 1786 Ἀργεῖοι
315 1735 347 1775 δ’
373 1735 561 1787 ἑτέρωθεν
586 1735 820 1786 ἐϋσσέλμων
845 1736 924 1776 ἀπὸ
948 1739 1051 1785 νηῶν

119 1801 326 1852 ὀτρύνοντο
352 1801 463 1843 νέκυς
487 1802 520 1842 τ’
546 1802 706 1854 ἀγέμεν,
734 1803 859 1854 ἕτεροι
885 1805 926 1842 δὲ
949 1801 1034 1852 μεθ’
1058 1802 1169 1850 ὕλην.
1372 1811 1435 1840 420

184 1866 344 1910 Ἠέλιος
368 1871 441 1919 μὲν
467 1870 600 1910 ἔπειτα
624 1869 713 1909 νέον
737 1868 1022 1920 προσέβαλλεν
1048 1867 1224 1919 ἀρούρας,

118 1931 164 1983 ἐξ
184 1934 469 1987 ἀκαλαρρείταο
495 1936 718 1988 βαθυρρόου
741 1935 951 1975 Ὠκεανοῖο

119 1999 281 2051 οὐρανὸν
306 2002 504 2042 εἰσανιών·
542 2003 578 2041 οἱ
603 2001 634 2041 δ’
659 2001 798 2052 ἤντεον
824 2000 1080 2050 ἀλλήλοισιν.

119 2064 211 2105 ἔνθα
235 2069 444 2119 διαγνῶναι
468 2072 656 2119 χαλεπῶς
681 2067 728 2118 ἦν
753 2068 874 2120 ἄνδρα
900 2068 1082 2107 ἕκαστον·

121 2131 210 2171 ἀλλ’
236 2133 346 2174 ὕδατι
370 2134 542 2183 νίζοντες
567 2134 644 2175 ἄπο
669 2135 817 2186 βρότον
842 2133 1090 2184 αἱματόεντα,
1374 2140 1435 2170 425

119 2196 261 2249 δάκρυα
285 2202 406 2251 θερμὰ
430 2200 594 2253 χέοντες
619 2200 805 2251 ἀμαξάων
831 2199 1029 2250 ἐπάειραν.

166 2306 231 2334 400
253 2296 296 2335 μὴ
312 2293 375 2335 γάρ
390 2293 498 2331 que
515 2293 554 2324 al.
691 2292 754 2329 408
778 2291 823 2320 ita
842 2294 895 2320 ch
912 2287 970 2318 V³2
988 2288 1029 2318 al.
1050 2300 1056 2318 ς
1080 2288 1273 2327 -κειῖηἶέμεν
1291 2295 1354 2320 cet.

123 2339 186 2376 418
217 2338 390 2379 ἀμφότεροι
413 2341 438 2367 h
462 2337 504 2367 al,
663 2345 727 2373 420
761 2334 930 2375 ὀτρύνοντο
961 2332 1023 2361 'vel
1051 2332 1139 2370 ὠτρ.)
1165 2333 1254 2363 νέκυς
1277 2332 1334 2362 ΑΓ.
1363 2332 1441 2363 hV²'

123 2379 180 2411 V12
192 2380 342 2412 V¹⁵V¹⁶z
368 2381 497 2422 ὄτρυνον
523 2379 690 2420 (ὤτρυνον)
717 2388 775 2408 seu
801 2376 971 2417 ὀτρύνοντο
1001 2375 1101 2416 χώτρ.)
1128 2374 1238 2407 νέκυας
1264 2376 1350 2413 vulg.

124 2434 181 2462 421
210 2424 349 2466 ἀρούραις
365 2435 384 2455 e
518 2433 579 2461 424
605 2423 750 2461 χαλεπὸν
769 2431 787 2451 c
798 2420 850 2450 ΕΒ
864 2420 889 2449 C
903 2419 925 2449 S
943 2419 983 2449 al.
