1624 2802
530 124 564 158 8.
639 118 897 156 ΙΛΙΑΔΟΣ
947 119 985 155 Θ

155 220 266 262 ’Ἔνθ’
292 221 336 260 οὔ
360 237 418 263 τις
441 220 631 272 πρότερος
658 224 839 266 Δαναῶν,
867 224 1029 260 πολλῶν
1056 237 1126 272 περ
1152 222 1310 267 ἐόντων,

97 288 231 340 εὔξατο
255 286 443 327 Τυδεΐδαο
469 286 592 338 πάρος
619 286 771 339 σχέμεν
796 286 918 328 ὠκέας
943 287 1083 327 ἵππους

96 355 244 409 τάφρου
268 353 300 393 τ’
326 352 516 404 ἐξελάσαι
542 353 604 393 καὶ
629 354 856 403 ἐναντίβιον
880 352 1147 405 μαχέσασθαι,
1353 366 1414 396 255

97 423 200 463 ἀλλὰ
223 419 324 461 πολὺ
351 423 502 472 πρῶτος
525 419 672 471 Τρώων
698 418 789 459 ἕλεν
814 418 935 470 ἄνδρα
961 417 1166 470 κορυστήν,

98 487 368 541 Φραδμονίδην
391 485 601 538 Ἀγέλαον·
640 485 659 523 6
684 487 756 535 μὲν
781 484 922 537 φύγαδ’
949 485 1114 536 ἔτραπεν
1139 486 1295 527 ἵππους·

97 559 147 610 τῷ
173 556 213 594 δὲ
237 551 575 605 μεταστρεφθέντι
599 550 833 605 μεταφρένῳ
859 553 900 591 ἐν
925 552 1016 603 δόρυ
1041 550 1163 602 πῆξεν

99 623 211 672 ὤμων
234 619 452 671 μεσσηγύς,
480 620 543 659 διὰ
567 620 609 658 δὲ
635 616 861 669 στήθεσφιν
887 618 1078 658 ἔλασσεν·

97 687 209 740 ἤριπε
233 687 264 727 δ’
290 685 336 737 ἐξ
358 685 496 739 ὀχέων,
524 684 709 737 ἀράβησε
734 687 775 724 δὲ
800 683 928 737 τεύχε’
955 684 1013 724 ἐπ’
1038 684 1152 738 αὐτῷ.
1358 689 1419 719 260

161 753 242 793 Τὸν
266 755 307 793 δὲ
330 752 414 803 μετ’
440 751 649 803 Ἀτρεΐδαι,
676 750 938 803 Ἀγαμέμνων
965 752 1026 790 καὶ
1052 750 1272 797 Μενέλαος,

98 825 201 861 τοῖσι
225 819 257 860 δ’
284 819 342 860 ἐπ’
370 820 534 859 Αἴαντες
560 820 690 870 θοῦριν
715 816 929 868 ἐπιειμένοι
955 816 1092 867 ἀλκήν,

100 891 202 928 τοῖσι
226 885 257 926 δ’
284 885 344 926 ἐπ’
368 884 586 936 Ἰδομενεὺς
614 885 675 924 καὶ
700 883 834 924 ὀπάων
860 883 1082 935 Ἰδομενῆος

101 954 312 1005 Μηριόνης,
339 951 559 993 ἀτάλαντος
583 950 778 1004 Ἐνυαλίῳ
804 951 1078 1006 ἀνδρειφόντῃ,

100 1024 202 1060 τοῖσι
226 1019 256 1059 δ’
282 1017 341 1060 ἐπ’
368 1018 610 1071 Εὐρύπυλος,
640 1017 859 1068 Εὐαίμονος
883 1016 1033 1068 ἀγλαὸς
1056 1016 1150 1058 υἱός·
1358 1019 1418 1057 265

99 1089 266 1138 Τεῦκρος
291 1085 322 1126 δ’
349 1086 501 1127 εἴνατος
525 1083 634 1134 ἦλθε,
662 1084 880 1124 παλίντονα
904 1082 1000 1133 τόξα
1024 1084 1218 1128 τιταίνων,

102 1155 173 1203 στῆ
200 1152 231 1193 δ’
257 1151 313 1204 ἄρ’
339 1151 402 1192 ὑπ’
428 1152 596 1193 Α’ίαντος
622 1150 735 1190 σάκεϊ
758 1148 1081 1201 Τελαμωνιάδαο.

102 1218 178 1260 ἕνθ’
204 1220 300 1261 Αἴας
325 1220 396 1269 μὲν
420 1216 663 1269 ὑπεξέφερεν
689 1216 824 1258 σάκος·
863 1216 986 1268 αὐτὰρ
1011 1216 1032 1255 ὅ
1056 1215 1092 1267 γ’
1119 1215 1221 1267 ἥρως

102 1284 314 1336 παπτήνας,
341 1285 426 1325 ἐπεὶ
450 1283 497 1336 ἄρ
521 1283 594 1324 τιν’
620 1284 832 1325 ὀϊστεύσας
860 1284 902 1323 ἐν
928 1283 1051 1336 ὁμίλῳ

103 1350 310 1403 βεβλήκοι,
339 1351 358 1390 6
382 1353 453 1402 μὲν
478 1350 566 1390 αὖθι
590 1350 725 1391 πεσὼν
751 1349 827 1390 ἀπὸ
854 1348 976 1400 θυμὸν
1001 1350 1188 1393 ὄλεσσεν,
1363 1356 1423 1389 270

104 1419 221 1470 αὐτὰρ
245 1419 265 1457 ὁ
291 1417 396 1459 afim
423 1418 490 1457 ἰὼν
515 1416 606 1459 πάϊς
632 1417 682 1458 ὣς
707 1416 781 1457 ὑπὸ
805 1415 954 1468 μητέρα
980 1415 1121 1455 δύσκεν

105 1485 158 1526 εἰς
182 1484 330 1524 Αἴανθ’·
369 1484 389 1522 6
414 1483 456 1524 δέ
479 1500 544 1534 μιν
571 1482 684 1523 σάκεϊ
711 1482 933 1534 κρύπτασκε
960 1484 1122 1535 φαεινῷ.

163 1549 290 1591 ’Ένθα
313 1551 401 1590 τίνα
425 1554 580 1602 πρῶτον
603 1549 750 1602 Τρώων
777 1549 844 1589 ἕλε
868 1551 1039 1600 Τεῦκρος
1064 1548 1243 1598 ἀμύμων;

105 1615 347 1669 Ὀρσίλοχον
370 1618 442 1667 μὲν
467 1620 601 1668 πρῶτα
626 1617 689 1656 καὶ
708 1615 908 1667 ”Ορμενον
933 1614 992 1664 ἠδ’
1017 1613 1272 1665 Ὀφελέστην

108 1682 281 1735 Δαίτορά
305 1700 347 1723 τε
371 1684 546 1735 Χρομίον
571 1699 613 1722 τε
639 1683 700 1722 καὶ
727 1682 905 1722 ἀντίθεον
931 1681 1191 1732 Λυκοφόντην
1363 1688 1422 1720 275

109 1749 169 1789 καὶ
195 1750 512 1799 Πολυαιμονίδην
537 1748 767 1799 Ἀμοπάονα
794 1748 854 1788 καὶ
880 1747 1159 1787 Μελάνιππον.

107 1816 252 1859 πάντας
279 1815 575 1868 ἐπασσυτέρους
602 1814 756 1856 πέλασε
782 1813 897 1866 χθονὶ
923 1810 1226 1864 πουλυβοτείρῃ.

107 1879 173 1920 τὸν
197 1882 238 1920 δὲ
264 1880 354 1920 ἰδὼν
379 1878 555 1931 γήθησεν
580 1877 681 1928 ἄναξ
703 1879 853 1929 ἀνδρῶν
879 1875 1151 1927 Ἀγαμέμνων,

107 1944 219 1996 τόξου
243 1945 318 1986 ἄπο
345 1948 529 1997 κρατεροῦ
551 1944 699 1996 Τρώων
724 1943 915 1983 ὀλέκοντα
941 1942 1164 1993 φάλαγγας·

111 2014 183 2062 στῆ
208 2014 249 2052 δὲ
274 2011 362 2063 παρ’
388 2010 505 2051 αὐτὸν
531 2011 599 2051 ἰὼν
625 2011 692 2050 καί
712 2026 779 2059 μιν
806 2008 902 2060 πρὸς
927 2010 1048 2058 μῦθον
1075 2007 1192 2047 ἔειπε·
1365 2008 1425 2037 280

113 2080 137 2096 “
151 2080 307 2130 Τεῦκρε,
335 2079 434 2130 φίλη
462 2076 630 2130 κεφαλή,
656 2076 899 2126 Τελαμώνιε,
929 2075 1080 2124 κοίρανε
1103 2075 1224 2115 λαῶν,

112 2142 232 2194 βάλλ’
258 2144 389 2190 οὕτως,
417 2144 459 2184 αἵ
482 2142 547 2183 κέν
571 2159 608 2182 τι
634 2142 743 2193 φόως
770 2144 968 2181 Δαναοῖσι
992 2138 1128 2190 γένηαι

113 2211 230 2261 πατρί
250 2226 291 2250 τε
316 2213 374 2264 σῷ
398 2212 619 2259 Τελαμῶνι,
646 2209 668 2247 ὅ
694 2207 732 2247 σ’
758 2207 897 2258 ἔτρεφε
922 2204 1060 2244 τυτθὸν
1086 2204 1212 2247 ἐόντα,

152 2313 215 2343 255
231 2314 251 2335 a
269 2304 309 2346 (²)
401 2304 503 2345 ]κειν[
518 2302 563 2352 p⁷
683 2304 747 2332 260
771 2301 958 2342 ὑπερώησαν
974 2297 1012 2330 δέ
1027 2299 1054 2329 οἱ
1069 2298 1156 2328 ἵπποι
1173 2295 1239 2349 ν.’].
1261 2296 1294 2326 in
1311 2295 1343 2325 A

111 2348 172 2386 267
197 2347 230 2379 δὲ
246 2347 317 2389 παρ’
333 2348 365 2377 Α
380 2346 423 2378 U¹
436 2346 492 2377 V¹⁷5
508 2358 515 2376 t
540 2349 566 2378 δ’
584 2347 632 2387 ἄρ’
650 2345 698 2377 ἐπ’
715 2348 784 2376 efi
798 2344 825 2374 B
842 2344 883 2373 al.
1030 2341 1093 2370 268
1117 2341 1209 2370 ὕπαιθ
1236 2339 1348 2379 ἔφερεν
1365 2348 1393 2368 ν.
1411 2338 1431 2369 l.

112 2389 144 2419 5¹¹
162 2389 226 2420 ΒΤ
356 2401 420 2429 270
444 2388 666 2423 ὄλεσκενίΜ1
682 2387 740 2428 ΜΒ,
762 2398 790 2417 ν.
807 2384 904 2417 1.U¹0
1037 2392 1097 2421 277
1122 2391 1187 2413 om.
1209 2380 1299 2419 vulg.
1318 2394 1324 2411 τ
1351 2381 1427 2411 hab.

113 2432 340 2473 gimpAng.
356 2432 420 2464 V²⁹
1241 2466 1299 2496 11*
