1624 2802
556 113 591 147 9.
667 108 924 147 ΙΛΙΑΔΟΣ
974 112 983 146 Ι

110 214 233 253 Ἴλιον
259 212 491 264 ἐκπέρσαντ’
522 212 720 266 εὐτείχεον
746 212 997 258 ἀπονέεσθαι,
1391 229 1432 250 20

114 284 180 321 νῦν
204 282 245 320 δὲ
270 278 391 328 κακὴν
416 277 570 328 ἀπάτην
594 280 858 329 βουλεύσατο,
888 280 953 318 καί
974 296 1022 329 με
1049 280 1199 320 κελεύει

113 345 286 387 δυσκλέα
303 343 452 398 ’Ἄργος
479 344 646 390 ἱκέσθαι,
674 346 759 385 ἐπεὶ
786 345 911 385 πολὺν
937 346 1072 384 ὤλεσα
1095 346 1208 386 λαόν.

113 412 212 452 οὕτω
236 428 312 452 που
338 412 405 452 Διὶ
429 410 569 462 μέλλει
593 410 801 461 ὑπερμενέϊ
826 411 948 463 φίλον
974 410 1085 456 εἶναι,

113 477 154 520 ὃς
178 477 223 528 δὴ
248 476 437 518 πολλάων
461 478 612 517 πολίων
637 476 828 517 κατέλυσε
856 476 1002 528 κάρηνα

113 544 172 595 ἠδ’
198 543 255 584 ἔτι
281 543 343 584 καὶ
367 543 496 584 λύσει·
533 546 601 582 τοῦ
625 544 699 594 γὰρ
725 542 862 594 κράτος
888 544 973 583 ἐστὶ
998 542 1202 595 μέγιστον.
1391 557 1431 587 25

112 610 202 652 ἀλλ’
227 609 347 663 ἄγεθ’,
376 610 427 650 ὡς
451 609 500 650 ἂν
524 610 601 661 ἐγὼ
627 611 735 655 εἴπω,
763 609 985 660 πειθώμεθα
1010 608 1165 651 πάντες·

114 678 322 730 φεύγωμεν
349 677 422 716 σὺν
448 676 564 726 νηυσὶ
590 677 715 728 φίλην
741 676 780 716 ἐς
806 677 973 727 πατρίδα
999 680 1127 728 γαῖαν·

113 744 157 784 οὐ
182 745 255 796 γὰρ
281 742 337 782 ἔτι
361 743 510 794 Τροίην
535 741 752 794 αἱρήσομεν
778 741 1045 794 εὐρυάγυιαν.”

173 808 251 852 Δ,Ως
277 808 405 861 ἔφαθ’,
434 810 470 849 οἱ
495 808 528 848 δ’
552 807 627 860 ἄρα
651 807 795 850 πάντες
820 808 917 858 ἀκὴν
943 808 1127 861 ἐγένοντο
1154 814 1298 865 σιωπῇ.

60 914 63 916 .
113 876 182 926 δὴν
208 875 240 916 δ’
266 875 365 930 ἄνεῳ
392 874 494 925 ἦσαν
519 875 714 925 τετιηότες
739 876 818 916 υἷες
842 874 1029 927 Ἀχαιῶν·
1391 888 1432 920 30

113 944 191 995 ὀψὲ
215 944 257 982 δὲ
282 942 327 992 δὴ
351 940 532 993 μετέειπε
556 940 659 991 βοὴν
684 941 829 994 ἀγαθὸς
856 940 1068 992 Διομήδης·

115 1011 140 1026 “
156 1008 346 1060 Ἀτρεΐδη,
375 1009 440 1048 σοὶ
466 1011 600 1059 πρῶτα
624 1006 855 1060 μαχήσομαι
880 1007 1132 1060 ἀφραδέοντι,

112 1073 135 1124 ἢ
161 1073 268 1126 θέμις
294 1074 416 1120 ἐστίν,
443 1073 553 1125 ἄναξ,
581 1074 716 1131 ἀγορῇ·
756 1074 805 1114 σὺ
831 1076 872 1113 δὲ
897 1073 949 1124 μή
975 1091 1011 1114 τι
1037 1075 1232 1130 χολωθῇς.

113 1140 236 1191 ἀλκὴν
261 1139 333 1191 μέν
356 1157 422 1191 μοι
447 1144 602 1193 πρῶτον
627 1141 823 1182 ὀνείδισας
851 1142 893 1180 ἐν
920 1143 1130 1185 Δαναοῖσι,

112 1209 190 1259 φὰς
216 1207 307 1257 ἔμεν
332 1207 558 1258 ἀπτόλεμον
582 1207 645 1247 καὶ
670 1205 874 1247 ἀνάλκιδα·
913 1210 1035 1247 ταῦτα
1062 1208 1102 1246 δὲ
1128 1205 1256 1246 πάντα
1394 1220 1432 1251 35

112 1272 222 1313 ἵσασ’
248 1273 439 1325 Ἀργείων
462 1272 561 1323 ἠμὲν
585 1272 666 1313 νέοι
690 1272 759 1323 ἠδὲ
785 1272 978 1325 γέροντες.

113 1339 177 1379 σοὶ
201 1341 242 1380 δὲ
268 1338 448 1392 διάνδιχα
473 1341 567 1379 δῶκε
597 1339 749 1391 Κρόνου
773 1338 864 1380 πάϊς
890 1338 1183 1392 ἀγκυλομήτεω·

113 1405 297 1459 σκήπτρῳ
323 1404 395 1456 μέν
419 1421 481 1445 τοι
505 1408 603 1445 δῶκε
627 1407 860 1456 τετιμῆσθαι
885 1406 972 1458 περὶ
996 1405 1166 1451 πάντων,

113 1471 237 1521 ἀλκὴν
263 1471 295 1511 δ’
321 1472 365 1511 οὔ
389 1488 450 1511 τοι
475 1474 609 1517 δῶκεν,
637 1472 660 1510 ὅ
683 1488 726 1511 τε
753 1471 891 1523 κράτος
917 1472 1003 1511 ἐστὶ
1027 1472 1232 1523 μέγιστον.

113 1537 290 1588 δαιμόνι’,
318 1540 418 1578 οὕτω
444 1554 519 1578 που
543 1536 652 1588 μάλα
676 1537 815 1578 ἔλπεαι
839 1538 924 1579 υἷας
948 1537 1123 1591 Ἀχαιῶν
1390 1552 1432 1581 40

115 1602 360 1654 ἀπτολέμους
385 1603 418 1642 τ’
444 1603 579 1654 ἔμεναι
603 1604 665 1644 καὶ
691 1603 914 1649 ἀνάλκιδας,
943 1603 993 1645 ὣς
1018 1604 1238 1655 ἀγορεύεις,·

113 1671 146 1710 εἰ
170 1669 213 1710 δέ
236 1686 296 1710 τοι
321 1670 423 1724 αὐτῷ
450 1668 567 1720 θυμὸς
591 1669 812 1711 ἐπέσσυται
836 1670 887 1711 ὥς
911 1687 953 1710 τε
978 1669 1151 1715 νέεσθαι,

113 1735 239 1789 ἔρχεο·
273 1735 353 1788 πάρ
377 1752 438 1775 τοι
462 1736 562 1781 ὁδός,
590 1737 680 1785 νῆες
705 1735 748 1776 δέ
772 1752 833 1775 τοι
857 1735 953 1789 ἄγχι
977 1735 1186 1786 θαλάσσης

113 1800 265 1847 ἑστᾶσ’,
292 1802 336 1841 αἵ
356 1818 417 1842 τοι
444 1802 586 1842 ἕποντο
612 1801 848 1852 Μυκήνηθεν
873 1801 981 1852 μάλα
1004 1803 1166 1842 πολλαί.

113 1867 204 1907 ἀλλ’
229 1867 346 1907 ἄλλοι
369 1866 554 1918 μενέουσι
581 1867 675 1920 κάρη
705 1868 924 1918 κομόωντες
950 1868 1107 1920 Ἀχαιοὶ
1391 1880 1433 1910 45

114 1934 167 1974 εἰς
192 1934 214 1973 ὅ
239 1933 281 1973 κε’
305 1950 376 1985 περ
400 1935 548 1985 Τροίην
574 1933 850 1985 διαπέρσομεν.
925 1935 957 1974 εἰ
983 1935 1025 1974 δὲ
1051 1935 1113 1974 καὶ
1139 1933 1247 1974 αὐτοὶ

115 2000 341 2051 φευγόντων
366 2000 440 2040 σὺν
465 2000 580 2049 νηυσὶ
605 2001 729 2052 φίλην
755 2002 794 2042 ἐς
819 2001 987 2051 πατρίδα
1012 2003 1140 2051 γαῖαν·

157 2099 195 2120 21
222 2091 303 2129 ἄτην
318 2090 399 2139 12¹C
512 2102 618 2132 23—25
639 2093 704 2124 ath.
728 2092 901 2133 Aristoph.
921 2093 980 2125 Ar.
1095 2104 1156 2133 pro
1173 2103 1276 2133 23-31
1296 2095 1357 2126 hos
1374 2096 1439 2126 duo

114 2142 210 2163 vv.—

329 2179 400 2214 ἤτοι
418 2178 434 2208 ὅ
449 2179 481 2218 ’γ’
500 2179 539 2210 ὣς
557 2180 651 2210 εἰπὼν
670 2178 739 2211 κατ’
758 2179 803 2220 ἄρ’
824 2178 913 2219 ἕζετο
933 2180 1030 2219 θυμὸν
1049 2179 1184 2219 ἀχεύων,

330 2222 416 2251 τοῖσι
434 2222 460 2252 δ’
476 2221 687 2261 ἀνιστάμενος
704 2223 829 2262 μετέφη
847 2224 996 2263 κρατερὸς
1014 2223 1172 2262 Διομήδης

115 2269 176 2292 scr.
197 2260 275 2293 Zen.
390 2264 433 2301 36
457 2265 592 2305 Ἀργεῖοι
613 2265 665 2296 cit.
688 2265 786 2295 Dion.
808 2265 884 2296 Hal.
907 2265 1007 2296 Rhet.
1026 2275 1056 2304 9.
1075 2276 1093 2303 4
1205 2266 1362 2307 ἡγήτορες
1382 2265 1440 2304 ἠδὲ

113 2304 261 2342 μέδοντες
280 2304 362 2336 Zen.
507 2308 550 2345 38
575 2310 738 2349 σκῆπτρον
754 2312 777 2338 b
790 2308 855 2344 gA
873 2318 917 2338 ss.
938 2306 994 2337 V13
1005 2307 1074 2346 V15,
1093 2308 1146 2340 cit.
1168 2308 1270 2339 Rhet.
1292 2308 1349 2340 Gr.
1370 2309 1434 2339 viii.

113 2346 177 2385 809
293 2358 334 2386 43
359 2348 568 2389 ἀμφιέλισσαι
589 2360 618 2381 ν.
634 2351 652 2381 l.
672 2355 739 2381 ant.
761 2350 942 2391 (Ariston.)
1067 2362 1107 2389 44
1131 2352 1196 2382 ath.
1216 2351 1274 2381 Ar.
1294 2363 1300 2381 t
1325 2361 1389 2381 om.
1410 2352 1439 2381 T
