1670 2828
685 162 716 196 1.
792 154 1051 192 ΙΛΙΑΔΟΣ
1109 154 1141 190 Α

248 261 390 302 κλέπτε
416 262 504 315 νόῳ,
532 261 615 300 ἐπεὶ
641 259 684 300 οὐ
709 258 972 310 παρελεύσεαι
996 255 1084 297 οὐδέ
1108 272 1156 307 με
1181 257 1342 297 πείσεις.

247 327 269 378 ἦ
295 326 456 373 ἐθέλεις,
483 326 573 378 ὄφρ’
599 325 715 367 αὐτὸς
740 325 835 380 ἔχῃς
859 323 988 376 γέρας,
1017 322 1137 374 αὐτὰρ
1163 321 1220 372 ἔμ’
1247 322 1370 364 αὕτως

246 394 366 444 ἧσθαι
385 394 606 444 δευόμενον,
636 391 766 432 κέλεαι
792 389 834 431 δέ
857 407 905 441 με
930 389 1036 439 τήνδ’
1063 390 1293 435 ἀποδοῦναι;

247 459 337 500 ἀλλ’
364 461 396 500 εἰ
421 461 492 510 μὲν
517 459 693 499 δώσουσι
718 456 836 511 γέρας
860 456 1079 508 μεγάθυμοι
1102 454 1271 508 Ἀχαιοί,
1511 465 1570 497 135

248 526 439 578 ἄρσαντες
466 527 562 565 κατὰ
588 525 721 575 θυμόν,
748 524 853 565 ὅπως
880 521 1063 573 ἀντάξιον
1089 522 1215 562 ἔσται·

249 594 280 633 εἰ
305 591 347 632 δέ
373 610 413 633 κε
437 592 489 643 μὴ
516 592 682 637 δώωσιν,
710 591 787 642 ἐγὼ
813 588 855 630 δέ
882 606 947 630 κεν
973 588 1086 630 αὐτὸς
1112 588 1261 638 ἕλωμαι

247 656 269 709 ἢ
295 658 382 699 τεὸν
406 656 428 708 ἢ
456 659 621 700 Αἴαντος
646 658 715 717 ἰξόν
738 655 868 709 γέρας,
895 653 918 706 ἢ
945 655 1141 705 Ὀδυσῆος

248 724 326 775 ἄξω
352 725 466 765 ἑλών·
505 725 525 763 ὁ
551 722 592 764 δέ
618 740 683 764 κεν
707 723 980 776 κεχολώσεται
1004 722 1048 762 ὅν
1075 737 1140 761 κεν
1165 721 1316 771 ἵκωμαι.

248 791 338 832 ἀλλ’
364 791 448 842 ἤτοι
472 793 544 841 μὲν
569 793 689 831 ταῦτα
712 790 1080 842 μεταφρασόμεσθα
1106 787 1168 827 καὶ
1193 787 1312 833 αὖτις,
1512 798 1574 829 140

248 861 315 898 νῦν
341 857 372 898 δ’
399 857 468 909 ἄγε
495 859 568 907 νῆα
591 855 782 907 μέλαιναν
808 857 1030 907 ἐρύσσομεν
1056 855 1110 896 εἰς
1135 852 1213 893 ἅλα
1238 846 1352 899 δ’ῗᾶνῑ

248 926 289 964 ἐν
315 924 347 964 δ’
372 922 505 975 ἐρέτας
530 924 707 973 ἐπιτηδὲς
733 923 952 974 ἀγείρομεν,
981 923 1020 962 ἐς
1040 920 1072 961 δ’
1101 920 1327 971 ἑκατόμβην

249 991 415 1041 θείομεν,
443 990 489 1030 ἂν
515 990 547 1030 δ’
572 989 693 1040 αὐτὴν
718 988 924 1041 Χρυσηίδα
950 986 1224 1043 καλλιπάρῃον

248 1055 440 1107 βήσομεν·
479 1057 533 1097 εἷς
557 1056 599 1096 δέ
623 1073 680 1097 τις
706 1056 826 1108 ἀρχὸς
851 1055 948 1106 ἀνὴρ
973 1054 1230 1106 βουληφόρος
1255 1053 1372 1099 ἔστω,

247 1120 270 1172 ἢ
297 1124 393 1164 Αἴας
418 1120 440 1172 ἢ
467 1122 684 1173 Ἰδομενεὺς
708 1119 730 1171 ἦ
757 1125 837 1164 δῖος
863 1121 1083 1163 Ὀδυσσεὺς
1153 1125 1158 1130 ’
1514 1130 1572 1162 145

248 1189 291 1238 ἠὲ
317 1189 379 1235 σύ,
407 1189 597 1239 Πηλεΐδη,
624 1188 780 1229 πάντων
807 1187 1068 1240 ἐκπαγλότατ’
1096 1188 1261 1239 ἀνδρῶν,

247 1255 338 1307 ὄφρ’
363 1255 454 1306 ἡμῖν
479 1255 665 1307 ἑκάεργον
691 1254 879 1296 ἱλάσσεαι
906 1256 989 1306 ἱερὰ
1013 1252 1168 1305 ῥέξας.”

313 1322 393 1362 Τὸν
418 1321 450 1362 δ’
476 1321 534 1373 ἄρ’
558 1322 705 1373 ὑπόδρα
732 1322 823 1362 ἰδὼν
848 1319 1031 1373 προσέφη
1059 1321 1181 1361 πόδας
1207 1319 1305 1360 ὠκὺς
1330 1316 1556 1371 Ἀχιλλεύς·

265 1389 274 1404 ‘
291 1388 319 1428 ὤ
345 1405 421 1439 μοι,
450 1389 648 1438 ἀναιδείην
675 1387 881 1439 ἐπιειμένε,
911 1387 1213 1438 κερδαλεόφρον,

248 1456 327 1494 πῶς
352 1452 409 1494 τίς
433 1469 491 1492 τοι
516 1452 707 1504 πρόφρων
732 1451 870 1492 ἔπεσιν
896 1452 1074 1501 πείθηται
1101 1451 1275 1504 Ἀχαιῶν
1511 1464 1573 1494 150

250 1390 258 1404 t

247 1515 269 1568 ἢ
296 1518 386 1559 ὁδὸν
411 1516 618 1569 ἐλθέμεναι
642 1515 665 1568 ἦ
692 1517 881 1570 ἀνδράσιν
907 1518 970 1570 ἶφι
995 1517 1215 1571 μάχεσθαι;

248 1584 290 1624 οὐ
314 1586 389 1637 γὰρ
413 1585 490 1636 ἐγὼ
514 1585 660 1636 Τρώων
686 1584 783 1625 ἕνεκ’
808 1584 955 1635 ἤλυθον
980 1583 1208 1637 αἰχμητάων

247 1653 357 1702 δεῦρο
381 1651 673 1704 μαχησόμενος,
701 1651 785 1691 ἐπεὶ
812 1652 855 1691 οὔ
880 1652 920 1691 τί
940 1668 1006 1701 μοι
1031 1651 1151 1691 α’ίτιοί
1174 1652 1289 1691 εἰσιν·

247 1717 290 1756 οὐ
315 1717 388 1769 γάρ
414 1717 471 1757 πώ
498 1717 583 1757 ποτ’
610 1719 704 1768 ἐμὰς
729 1721 827 1768 βοῦς
852 1717 1011 1768 ἤλασαν
1036 1717 1123 1758 οὐδὲ
1147 1719 1220 1768 μὲν
1245 1718 1398 1763 ἵππους,

247 1782 334 1823 οὐδέ
359 1783 446 1824 ποτ’
472 1785 514 1824 ἐν
539 1785 642 1840 Φθίῃ
669 1785 884 1836 ἐριβώλακι
910 1786 1147 1841 βωτιανείρῃ
1511 1796 1572 1827 155

247 1850 393 1902 καρπὸν
418 1849 664 1901 ἐδηλήσαντ’,
692 1851 776 1891 ἐπεὶ
802 1850 825 1901 ἦ
848 1851 956 1902 μάλα
980 1853 1113 1892 πολλὰ
1138 1850 1284 1902 μεταξὺ

245 1916 359 1968 οὔρεά
384 1934 426 1957 τε
450 1918 633 1957 σκιόεντα
659 1916 848 1957 θάλασσά
872 1935 913 1958 τε
939 1917 1138 1971 ἠχήεσσα·

246 1984 352 2022 ἀλλὰ
378 1984 454 2029 σοί,
483 1982 511 2023 ὦ
535 1982 621 2035 μέγ’
649 1984 814 2030 ἀναιδές,
844 1984 908 2035 ἅμ’
937 1984 1137 2035 ἑσπόμεθ’,
1165 1986 1270 2036 ὄφρα
1294 1983 1346 2024 σὺ
1369 1983 1522 2039 χαίρῃς,

245 2049 359 2099 τιμὴν
384 2050 589 2101 ἀρνύμενοι
617 2051 810 2105 Μενελάῳ
838 2053 908 2092 σοί
929 2069 984 2097 τε,
1012 2055 1180 2097 κυνῶπα,

245 2115 340 2166 πρὸς
364 2117 524 2167 Τρώων·
562 2121 639 2157 τῶν
665 2118 708 2158 οὔ
732 2134 768 2157 τι
794 2116 1016 2174 μετατρέπῃ
1042 2118 1120 2159 οὐδ’
1146 2117 1352 2169 ἀλεγίζεις·
1509 2119 1570 2151 1⁶0

246 2182 307 2222 καὶ
331 2181 376 2232 δή
401 2199 468 2233 μοι
493 2181 610 2234 γέρας
638 2184 751 2226 αὐτὸς
778 2183 1076 2236 ἀφαιρήσεσθαι
1102 2185 1288 2230 ἀπειλεῖς,

290 2284 350 2313 133
375 2275 436 2317 ἔχῃ
456 2275 607 2306 Philemo
623 2277 696 2307 228.
720 2287 759 2307 10
894 2287 1041 2317 133—134
1070 2278 1138 2309 ath.
1155 2276 1214 2308 Ar.
1351 2286 1410 2317 137
1436 2277 1574 2310 δώσουσι
1625 2289 1626 2299 ¹

244 2317 272 2348 B
286 2317 340 2348 L13
355 2317 418 2348 ΜΗ
430 2319 476 2348 U⁵
487 2318 531 2349 V⁵
544 2318 602 2348 V¹2
616 2319 677 2349 V¹3
688 2318 814 2350 V-'L'Vi'2
945 2331 1006 2361 139
1029 2321 1096 2352 ath,
1115 2321 1173 2352 Ar.
1301 2330 1360 2360 142
1387 2323 1420 2353 ἐν
1435 2321 1495 2352 Ar.
1516 2321 1570 2353 cit.

245 2361 345 2392 Rhet.
364 2371 412 2401 gr.
433 2362 475 2392 iii.
497 2372 581 2401 417:
606 2365 636 2395 ἐς
654 2364 749 2394 codd.
851 2374 910 2404 143
934 2365 1002 2395 ath.
1023 2365 1116 2404 Zen.‚
1138 2375 1202 2396 om.
1225 2364 1326 2396 Rhet.
1348 2375 1395 2404 gr.
1415 2364 1470 2396 vii.
1493 2374 1571 2404 1231

334 2414 392 2444 157
418 2405 577 2438 σκιόωντα
593 2405 651 2437 ΑΓ.
768 2416 828 2447 159
853 2407 1022 2449 ἀρνύμενος
1040 2408 1120 2439 Zen.
1241 2410 1302 2439 160
1324 2409 1390 2439 ath.
1410 2408 1489 2440 Zen.
