1629 2828
536 165 571 198 4.
644 159 903 196 ΙΛΙΑΔΟΣ
948 161 981 196 Δ

100 264 200 304 τάων
224 263 268 303 οὕ
292 279 350 302 τοι
375 263 452 313 ἐγὼ
477 260 618 312 πρόσθ’
643 262 807 311 ἵσταμαι
832 260 920 301 οὐδὲ
942 262 1128 312 μεγαίρω.

101 331 136 370 εἴ
158 346 228 381 περ
251 330 325 380 γὰρ
350 327 505 379 φθονέω
530 344 572 368 τε
597 328 660 367 καὶ
679 328 747 367 οὐκ
773 328 836 367 εἰῶ
862 325 1084 378 διαπέρσαι,
1378 340 1418 370 55

100 395 166 436 οὐκ
190 387 290 435 ἀνύω
316 393 541 447 φθονέουσ’,
567 393 651 434 ἐπεὶ
676 392 699 443 ἦ
724 393 827 433 πολὺ
852 392 1039 444 φέρτερός
1064 393 1169 432 ἐσσι.

101 463 204 502 ἀλλὰ
227 460 301 514 χρὴ
329 460 390 500 καὶ
415 459 508 511 ἐμὸν
535 459 691 510 θέμεναι
717 459 837 499 πόνον
862 459 931 499 οὐκ
956 457 1183 498 ἀτέλεστον·

102 529 162 568 καὶ
186 528 260 579 γὰρ
283 527 361 578 ἐγὼ
387 527 473 568 θεός
499 527 589 576 εἶμι,
616 525 730 577 γένος
755 524 798 565 δέ
820 541 885 575 μοι
909 524 1021 564 ἔνθεν
1046 525 1137 565 ὅθεν
1162 525 1239 571 σοί,

102 594 164 634 καί
184 610 232 644 με
256 591 535 645 πρεσβυτάτην
561 591 693 632 τέκετο
721 591 870 642 Κρόνος
895 589 1182 642 ἀγκυλομήτης,

100 659 334 712 ἀμφότερον,
360 664 476 716 γενεῇ
501 675 544 699 τε
569 659 632 699 καὶ
657 659 795 698 οὕνεκα
820 656 871 707 σὴ
896 656 1123 708 παράκοιτις
1377 661 1419 691 60

101 725 300 776 κέκλημαι,
326 725 377 765 σὺ
401 727 443 765 δὲ
468 727 569 765 πᾶσι
592 723 675 775 μετ’
700 723 954 764 ἀθανάτοισιν
979 722 1182 765 ἀνάσσεις.

100 791 190 832 ἀλλ’
214 790 299 842 ἤτοι
321 793 393 842 μὲν
416 790 523 831 ταῦθ’
547 787 778 841 ὑποείξομεν
803 788 1030 839 ἀλλήλοισι,

101 859 164 898 σοὶ
188 859 259 908 μὲν
286 857 376 909 ἐγώ,
404 857 454 898 σὺ
479 857 511 897 δ’
537 858 636 908 ἐμοί·
675 858 738 897 ἐπὶ
763 856 795 896 δ’
822 856 991 908 ἕψονται
1015 855 1096 896 θεοὶ
1120 854 1238 896 ἄλλοι

100 923 296 964 ἀθάνατοι·
335 923 385 963 σὺ
411 925 452 964 δὲ
478 925 633 963 θᾶσσον
659 922 847 978 Ἀθηναίῃ
874 923 1066 962 ἐπιτεῖλαι

101 992 230 1031 ἐλθεῖν
253 991 293 1031 ἐς
316 990 463 1041 Τρώων
490 991 552 1030 καὶ
576 989 750 1042 Ἀχαιῶν
775 988 952 1040 φύλοπιν
976 986 1100 1037 αἰνήν,
1378 991 1418 1030 65

99 1059 234 1107 πειρᾶν
259 1055 291 1096 δ’
316 1056 367 1098 ὥς
394 1073 434 1096 κε
458 1059 591 1108 Τρῶες
615 1055 902 1107 ὑπερκύδαντας
926 1054 1112 1106 Ἀχαιοὺς

100 1120 248 1174 ἄρξωσι
271 1123 452 1174 πρότεροι
476 1123 572 1173 ὑπὲρ
596 1122 708 1173 ὅρκια
731 1119 1025 1171 δηλήσασθαι.”

160 1186 238 1230 ιχΩς
263 1187 388 1240 ἔφατ’,
417 1188 495 1228 οὐδ’
521 1189 691 1238 ἀπίθησε
715 1186 843 1238 πατὴρ
867 1187 1018 1237 ἀνδρῶν
1042 1202 1085 1226 τε
1109 1187 1207 1227 θεῶν
1231 1202 1286 1226 τε·

100 1253 221 1295 αὐτίκ’
245 1253 458 1305 Ἀθηναίην
484 1255 580 1295 ἔπεα
604 1254 817 1305 πτερόεντα
840 1252 1058 1304 προσηύδα·

103 1322 127 1338 “
144 1320 245 1373 αἶψα
269 1320 361 1372 μάλ’
387 1323 428 1362 ἐς
454 1320 624 1372 στρατὸν
649 1321 742 1360 ἐλθὲ
766 1320 862 1370 μετὰ
886 1322 1026 1370 Τρῶας
1052 1319 1114 1358 καὶ
1138 1318 1336 1372 Ἀχαιούς,
1381 1330 1422 1360 70

101 1389 237 1439 πειρᾶν
261 1387 293 1427 δ’
319 1387 369 1429 ὥς
396 1404 437 1428 κε
461 1390 594 1438 Τρῶες
617 1386 903 1438 ὑπερκύδαντας
928 1385 1113 1438 Ἀχαιοὺς

100 1452 249 1505 ἄρξωσι
272 1454 454 1505 πρότεροι
478 1454 575 1505 ὑπὲρ
599 1453 711 1505 ὅρκια
735 1450 1029 1502 δηλήσασθαι.”

158 1517 239 1562 ὸΩς
264 1521 383 1561 εἰπὼν
409 1520 552 1571 ὤτρυνε
576 1518 698 1571 πάρος
722 1521 913 1569 μεμαυῖαν
937 1516 1121 1568 Ἀθήνην,

102 1587 156 1637 βῆ
181 1588 222 1627 δὲ
247 1586 329 1627 κατ’
354 1586 585 1636 Οὐλύμποιο
612 1584 788 1636 καρήνων
813 1582 972 1633 ἀΐξασα.

102 1654 184 1693 οἷον
209 1652 241 1692 δ’
267 1652 415 1704 ἀστέρα
438 1652 507 1703 ἧκε
534 1653 683 1703 Κρόνου
707 1650 797 1692 πάϊς
822 1648 1115 1702 ἀγκυλομήτεω,
1383 1661 1423 1692 75

102 1715 125 1768 ἢ
150 1719 315 1775 ναύτῃσι
338 1718 452 1770 τέρας
476 1718 520 1768 ἠὲ
546 1721 698 1771 στρατῷ
725 1716 825 1768 εὐρέϊ
848 1720 969 1762 λαῶν,

103 1786 295 1837 λαμπρόν·
333 1789 400 1825 τοῦ
423 1784 466 1825 δέ
490 1801 532 1825 τε
555 1784 702 1824 πολλοὶ
726 1782 802 1823 ἀπὸ
828 1784 1041 1834 σπινθῆρες
1065 1782 1200 1822 ἵενται·

104 1855 154 1905 τῷ
180 1851 289 1892 ἐϊκυῖ’
313 1849 422 1902 ἤϊξεν
448 1852 512 1891 ἐπὶ
536 1851 661 1902 χθόνα
687 1850 855 1890 Παλλὰς
880 1847 1039 1898 Ἀθήνη,

106 1918 174 1957 κὰδ
199 1917 231 1957 δ’
257 1917 357 1970 ἔθορ’
382 1919 422 1959 ἐς
445 1916 611 1968 μέσσον·
650 1914 804 1966 θάμβος
829 1914 861 1954 δ’
887 1915 978 1966 ἔχεν
1004 1914 1277 1964 εἰσορόωντας,

105 1983 241 2035 Τρῶάς
266 1983 300 2023 θ’
327 1983 566 2035 ἱπποδάμους
594 1983 655 2022 καὶ
680 1979 913 2031 ἐϋκνήμιδας
938 1979 1135 2032 Ἀχαιούς·
1387 1984 1427 2012 80

106 2050 179 2090 ὦδε
204 2049 246 2090 δέ
269 2067 326 2092 τις
352 2051 533 2090 εἴπεσκεν
559 2049 650 2089 ἰδὼν
676 2049 715 2090 ἐς
739 2048 912 2098 πλησίον
939 2045 1077 2085 ἄλλον·

109 2114 173 2165 “ἧ
195 2115 234 2167 ῥ’
260 2116 365 2158 αὖτις
389 2116 561 2166 πόλεμός
586 2132 627 2155 τε
654 2114 768 2155 κακὸς
794 2114 855 2153 καὶ
881 2113 1053 2165 φύλοπις
1078 2110 1165 2160 αἰνὴ

109 2182 281 2229 ἔσσεται,
308 2180 331 2232 ἢ
357 2183 554 2234 φιλότητα
578 2181 659 2232 μετ’
686 2179 947 2232 ἀμφοτέροισι
972 2180 1105 2228 τίθησι

110 2248 218 2294 Ζεύς,
245 2249 287 2290 ὅς
311 2248 344 2288 τ’
369 2249 583 2300 ἀνθρώπων
607 2249 745 2298 ταμίης
770 2245 960 2296 πολέμοιο
984 2242 1199 2284 τέτυκται.”

169 2312 247 2356 ὁΩς
271 2315 345 2366 ἄρα
369 2331 427 2356 τις
452 2316 633 2356 εἴπεσκεν
658 2313 831 2366 Ἀχαιῶν
856 2328 897 2351 τε
921 2311 1069 2362 Τρώων
1094 2327 1148 2349 τε.
1389 2312 1427 2349 85

111 2450 129 2455 ..
149 2408 254 2446 55-56
277 2407 344 2438 ath.
367 2406 424 2438 Ar.
548 2416 587 2444 57
613 2406 741 2447 κ]ρηναι
757 2404 816 2453 124¹
938 2404 981 2432 62
1007 2403 1183 2443 ἐπιείξομεν
1199 2400 1312 2439 Apoll.
1333 2405 1421 2453 sypt.

108 2451 286 2524 gngxssgss
419 2450 462 2480 66
485 2449 511 2482 δ’
532 2459 594 2480 om.
618 2454 643 2480 h
785 2449 856 2487 69³
881 2446 962 2487 ]v62[
1000 2445 1059 2493 12⁴¹
1208 2445 1248 2483 78
1271 2447 1317 2484 τῷ
1335 2445 1427 2480 ἷκελη
