1670 2828
651 156 686 191 2.
759 151 1016 188 ΙΛῘΑΔΟΣ
1066 152 1095 187 Β

213 256 333 307 αὐτὰρ
360 254 480 295 ἔπειτ’
509 256 652 295 Αἴαντε
678 254 752 294 δύω
780 254 841 293 καὶ
866 252 1014 295 Τυδέος
1040 254 1135 299 υἱόν,

210 322 322 362 ἕκτον
348 320 380 361 δ’
407 320 487 361 αὖτ’
514 320 704 370 Ὀδυσῆα,
735 320 801 359 Διὶ
826 321 941 370 μῆτιν
967 318 1200 360 ἀτάλαντον.

209 387 426 438 αὐτόματος
451 386 493 427 δέ
517 388 553 427 οἱ
579 385 675 437 ἦλθε
699 385 803 436 βοὴν
829 385 975 437 ἀγαθὸς
1001 385 1221 428 Μενέλαος·

207 453 297 511 ᾔδεε
322 455 397 505 γὰρ
423 455 519 493 κατὰ
545 452 665 503 θυμὸν
691 451 888 504 ἀδελφεὸν
914 452 965 494 ὡς
989 453 1181 493 ἐπονεῖτο.

213 523 315 571 βοῦν
340 522 381 560 δὲ
407 518 700 572 περιστήσαντο
727 518 789 558 καὶ
813 518 1034 572 οὐλοχύτας
1059 518 1262 559 ἀνέλοντο·

209 590 338 626 τοῖσιν
363 585 394 626 δ’
421 585 632 638 εὐχόμενος
655 583 805 637 μετέφη
833 585 970 636 κρείων
994 584 1268 637 Ἀγαμέμνων·

212 655 237 670 “
255 656 331 692 Ζεῦ
357 652 514 692 κύδιστε
537 651 713 703 μέγιστε,
742 651 987 703 κελαινεφές,
1015 650 1139 704 αἰθέρι
1164 652 1296 698 ναίων,

209 719 261 770 μὴ
287 719 376 770 πρὶν
404 717 464 759 ἐπ’
490 717 624 768 ἠέλιον
650 721 760 758 δῦναι
787 718 848 757 καὶ
874 718 937 758 ἐπὶ
964 717 1111 770 κνέφας
1137 719 1280 764 ἐλθεῖν,

211 786 301 837 πρίν
324 802 373 835 με
400 786 495 824 κατὰ
521 787 663 836 πρηνὲς
687 783 854 835 βαλέειν
879 783 1075 837 Πριάμοιο
1099 783 1297 837 μέλαθρον

211 852 410 896 αἰθαλόεν,
440 853 588 903 πρῆσαι
612 852 653 890 δὲ
679 850 798 902 πυρὸς
823 850 946 901 δηΐοιο
972 851 1148 903 θύρετρα,

209 917 418 969 Ἑκτόρεον
443 919 484 957 δὲ
510 921 658 969 χιτῶνα
683 918 770 969 περὶ
797 916 992 967 στήθεσσι
1017 915 1145 967 δαΐξαι

210 987 346 1038 χαλκῷ
371 983 589 1036 ῥωγαλέον·
627 983 770 1025 πολέες
794 983 827 1023 δ’
853 983 952 1036 ἀμφ’
978 984 1096 1024 αὐτὸν
1123 986 1269 1035 ἑταῖροι

210 1050 374 1102 πρηνέες
400 1052 442 1090 ἐν
468 1051 645 1106 κονίῃσιν
669 1048 769 1099 ὀδὰξ
790 1051 975 1100 λαζοίατο
1000 1050 1157 1103 γαῖαν.”

275 1115 354 1159 Ἲὶς
379 1116 504 1168 ἔφατ’,
533 1116 612 1157 οὐδ’
637 1116 711 1169 ἄρα
735 1117 794 1157 πώ
821 1119 857 1157 οἱ
884 1118 1129 1169 ἐπεκραίαινε
1155 1117 1345 1169 Κρονίων,

211 1182 302 1224 ἀλλ’
328 1184 350 1222 ὅ
374 1200 419 1235 γε
444 1182 555 1223 δέκτο
579 1185 651 1234 μὲν
678 1183 752 1236 ἱρά,
780 1184 899 1224 πόνον
925 1183 957 1223 δ’
983 1183 1204 1235 ἀμέγαρτον
1229 1185 1419 1235 ὄφελλεν.

210 1250 329 1302 αὐτὰρ
355 1251 443 1290 ἐπεί
463 1249 501 1301 ῥ’
528 1247 689 1299 εὔξαντο
714 1250 776 1290 καὶ
802 1250 1022 1302 οὐλοχύτας
1047 1249 1315 1302 προβάλοντο,

211 1315 407 1368 αὐέρυσαν
431 1318 503 1367 μὲν
527 1320 661 1368 πρῶτα
688 1317 748 1357 καὶ
774 1314 956 1368 ἔσφαξαν
983 1317 1044 1356 καὶ
1069 1316 1233 1368 ἔδειραν,

210 1383 354 1434 μηρούς
379 1382 411 1422 τ’
436 1381 627 1433 ἐξέταμον
653 1382 748 1423 κατά
772 1399 814 1423 τε
840 1384 954 1439 κνίσῃ
981 1382 1190 1435 ἐκάλυψαν

211 1450 379 1502 δίπτυχα
403 1448 650 1499 ποιήσαντες,
681 1449 740 1489 ἐπ’
767 1450 893 1490 αὐτῶν
919 1449 951 1489 δ’
980 1448 1249 1500 ὠμοθέτησαν.

212 1517 273 1556 καὶ
297 1517 344 1554 τὰ
368 1517 440 1566 μὲν
466 1515 512 1567 ἂρ
540 1516 726 1571 σχίζῃσιν
752 1516 997 1567 ἀφύλλοισιν
1023 1515 1239 1561 κατέκαιον,

211 1581 428 1634 σπλάγχνα
453 1581 484 1621 δ’
510 1581 569 1633 ἄρ’
595 1583 853 1633 ἀμπείραντες
877 1583 1086 1635 ὑπείρεχον
1111 1581 1369 1634 Ἡφαίστοιο.

211 1647 332 1699 αὐτὰρ
356 1649 441 1689 ἐπεὶ
467 1650 564 1688 κατὰ
588 1648 675 1700 μῆρ’
703 1648 794 1698 ἐκάη
822 1648 884 1688 καὶ
910 1647 1114 1700 σπλάγχν’
1143 1647 1355 1692 ἐπάσαντο,

208 1714 430 1764 μίστυλλόν
454 1714 487 1753 τ’
513 1714 586 1766 ἄρα
611 1715 740 1755 τᾶλλα
766 1715 828 1754 καὶ
854 1714 952 1766 ἀμφ’
979 1716 1189 1765 ὀβελοῖσιν
1214 1715 1386 1766 ἔπειραν,

211 1779 399 1830 ὤπτησάν
423 1797 466 1820 τε
490 1780 777 1833 περιφραδέως,
805 1781 1000 1832 ἐρύσαντό
1023 1798 1065 1821 τε
1090 1778 1231 1821 πάντα.

211 1846 330 1899 αὐτὰρ
355 1847 440 1887 ἐπεὶ
465 1847 669 1887 παύσαντο
695 1848 816 1887 πόνου
840 1848 1050 1888 τετύκοντό
1073 1864 1114 1887 τε
1140 1850 1265 1892 δαῖτα,

211 1912 391 1958 δαίνυντ’,
420 1912 508 1952 οὐδέ
532 1930 568 1952 τι
595 1913 713 1963 θυμὸς
739 1914 893 1954 ἐδεύετο
920 1913 1049 1955 δαιτὸς
1074 1913 1197 1963 ἐΐσης.

210 1979 330 2030 αὐτὰρ
354 1979 438 2019 ἐπεὶ
464 1979 604 2021 πόσιος
631 1980 692 2019 καὶ
720 1981 878 2031 ἐδητύος
903 1979 949 2030 ἐξ
971 1981 1060 2032 ἔρον
1086 1981 1186 2025 ἕντο,

210 2048 291 2086 τοῖς
316 2045 388 2097 ἄρα
411 2045 544 2095 μύθων
570 2045 667 2099 ἦρχε
693 2046 878 2098 Γερήνιος
904 2048 1047 2087 ἱππότα
1073 2045 1255 2098 Νέστωρ·

212 2114 237 2129 “
253 2110 430 2162 Ἀτρείδη
458 2113 626 2158 κύδιστε,
655 2112 756 2163 ἄναξ
777 2114 927 2165 ἀνδρῶν
953 2113 1215 2165 Ἀγάμεμνον,

209 2177 346 2228 μηκέτι
371 2181 439 2218 νῦν
464 2177 547 2228 δήθ’
573 2180 660 2219 αὖθι
685 2180 905 2232 λεγώμεθα,
933 2179 1021 2230 μηδ’
1048 2180 1105 2219 ἔτι
1131 2178 1247 2231 δηρὸν

1470 534 1535 564 410

1471 1196 1535 1227 4²0

1470 1528 1532 1559 425

1471 1857 1536 1889 430

1472 2190 1534 2221 435

252 2283 317 2311 409
340 2271 513 2301 addidisse
537 2272 712 2312 quosdam,
740 2273 920 2302 damnasse
946 2272 1154 2302 Demetrium
1186 2271 1389 2301 phalereum
1415 2278 1447 2301 et
1471 2271 1529 2301 Ar.

211 2317 295 2355 (αν.)
315 2315 392 2345 dicit
410 2314 534 2345 Athen.
557 2325 613 2353 177
627 2325 643 2345 c
828 2325 892 2354 412
917 2317 974 2346 Ζεῦ
991 2314 1091 2356 πάτερ
1102 2314 1227 2352 Ἴδηθεν
1243 2313 1365 2354 μεδέων
1382 2314 1446 2345 ν.1.
1466 2318 1533 2344 ant.

211 2364 248 2397 (Γ
264 2362 341 2400 320)
469 2367 532 2398 415
557 2361 679 2397 πλῆσαι
696 2358 755 2389 ΛΓ.
780 2360 831 2398 (ἐν
847 2361 916 2390 ταῖς
934 2359 1119 2398 πλείσταις)
1246 2367 1312 2397 420
1335 2356 1533 2399 ἀμέγαρτον]

209 2403 365 2434 ἀλίαστον
381 2401 439 2432 Ar.
620 2412 682 2441 435
708 2405 762 2434 νῦν
779 2403 845 2441 δήθ’
865 2401 950 2442 αὖθι]
969 2404 1024 2434 νῦν
1041 2403 1077 2440 δὴ
1095 2404 1198 2434 ταῦτα
1215 2400 1316 2433 Zen.:
1342 2402 1380 2440 δὴ
1398 2403 1453 2433 νῦν
1465 2400 1532 2432 αὖθι

209 2446 422 2477 Callistratus

1632 786 1670 2828 mme-‚QA———mss—
1662 709 1670 770 ³—
1659 547 1670 670 *ᾧ
1657 512 1670 525 x.
1666 477 1670 494 ,-
