1660 2802
637 137 671 169 4.
746 131 1005 169 ῙΛῙΑΔΟΣ
1053 133 1088 169 Δ

202 232 361 284 κόρσην·
399 232 421 283 ἡ
447 232 479 272 δ’
505 232 653 285 ἑτέροιο
679 235 741 273 διὰ
767 232 980 285 κροτάφοιο
1005 233 1177 286 πέρησεν

199 297 320 352 αἰχμὴ
345 300 526 352 χαλκείη·
564 300 632 340 τὸν
656 303 698 340 δὲ
724 300 866 341 σκότος
891 301 993 341 ὄσσε
1019 300 1188 354 κάλυψε,

198 365 398 415 δούπησεν
423 367 465 406 δὲ
491 366 637 411 πεσών,
666 366 853 418 ἀράβησε
878 368 919 407 δὲ
945 366 1073 421 τεύχε’
1099 367 1160 408 ἐπ’
1184 368 1300 423 αὐτῷ.

198 431 388 484 χώρησαν
413 431 445 472 δ’
472 432 549 472 ὑπό
573 449 616 472 τε
639 433 840 485 πρόμαχοι
866 433 929 473 καὶ
954 435 1141 486 φαίδιμος
1158 433 1331 488 “Έκτωρ·
1459 450 1523 480 5ο5

198 496 372 550 Ἀργεῖοι
398 500 439 538 δὲ
462 497 565 550 μέγα
590 499 719 552 ἴαχον,
747 498 941 551 ἐρύσαντο
967 502 1009 540 δὲ
1034 500 1206 553 νεκρούς,

199 566 339 604 ἴθυσαν
365 566 406 604 δὲ
431 565 533 605 πολὺ
558 563 748 617 προτέρω·
788 565 988 617 νεμέσησε
1013 566 1045 607 δ’
1071 566 1286 608 Ἀπόλλων

199 629 411 683 Περγάμου
436 632 658 678 ἐκκατιδών,
686 632 875 684 Τρώεσσι
901 635 943 673 δὲ
968 631 1118 674 κέκλετ’
1142 633 1280 676 ἀΰσας·

200 699 224 714 “
242 697 411 749 ὄρνυσθ’,
442 699 655 749 ἱππόδαμοι
679 701 825 750 Τρῶες,
853 699 942 750 μηδ’
969 701 1092 741 εἴκετε
1116 700 1270 754 χάρμης

197 762 403 815 Ἀργείοις,
432 765 516 805 ἐπεὶ
543 765 586 804 οὔ
613 770 689 817 σφι
713 766 825 807 λίθος
851 767 956 819 χρὼς
982 767 1069 807 οὐδὲ
1096 768 1255 819 σίδηρος
1464 783 1524 813 510

196 829 349 883 χαλκὸν
375 830 625 885 ἀνασχέσθαι
650 833 898 885 ταμεσίχροα
922 833 1252 884 βαλλομένοισιν·

197 896 240 936 οὐ
264 898 341 947 μὰν
367 897 445 938 οὐδ’
471 897 668 951 Ἀχιλεύς,
699 896 868 941 Θέτιδος
895 899 984 942 πάϊς
1008 899 1206 952 ἠϋκόμοιο,

195 963 400 1015 μάρναται,
428 964 517 1004 ἀλλ’
543 965 607 1005 ἐπὶ
633 966 747 1015 νηυσὶ
776 967 901 1019 χόλον
929 965 1132 1019 θυμαλγέα
1156 965 1340 1008 πέσσει.”

257 1028 336 1072 ὁΩς
362 1029 455 1083 φάτ’
481 1031 558 1071 ἀπὸ
584 1033 747 1074 πτόλιος
775 1032 900 1074 δεινὸς
926 1033 1026 1075 θεός·
1065 1033 1185 1086 αὐτὰρ
1211 1033 1396 1088 Ἀχαιοὺς

196 1094 300 1148 ὦρσε
328 1096 424 1139 Διὸς
451 1097 621 1150 θυγάτηρ
649 1100 814 1149 κυδίστη
840 1098 1107 1152 Τριτογένεια,
1460 1115 1522 1145 515

196 1161 388 1216 ἐρχομένη
416 1163 499 1204 καθ’
524 1164 677 1215 ὅμιλον,
706 1166 768 1205 ὅθι
794 1164 998 1215 μεθιέντας
1022 1169 1155 1207 ἴδοιτο.

255 1229 370 1270 ’Ἔνθ’
396 1229 707 1283 Ἀμαρυγκείδην
736 1232 892 1283 Διώρεα
916 1233 1018 1285 μοῖρ’
1044 1231 1228 1284 ἐπέδησε·

194 1298 391 1351 χερμαδίῳ
417 1299 492 1349 γὰρ
518 1300 648 1348 βλῆτο
675 1300 780 1351 παρὰ
809 1299 961 1351 σφυρὸν
987 1300 1179 1351 ὀκριόεντι

196 1361 343 1413 κνήμην
368 1362 579 1415 δεξιτερήν·
618 1363 725 1415 βάλε
751 1367 792 1405 δὲ
820 1367 990 1421 Θρῃκῶν
1016 1366 1110 1418 ἀγὸς
1135 1367 1297 1419 ἀνδρῶν,

199 1431 351 1482 Πείρως
389 1429 660 1482 Ἰμβρασίδης,
689 1431 732 1474 ὃς
757 1431 816 1483 ἄρ’
844 1433 1010 1473 Αἰνόθεν
1037 1433 1270 1483 εἰληλούθει.
1457 1447 1521 1477 520

194 1494 405 1548 ἀμφοτέρω
431 1499 472 1537 δὲ
497 1495 657 1538 τένοντε
684 1499 744 1538 καὶ
771 1497 893 1539 ὀστέα
916 1502 1017 1541 λᾶας
1043 1499 1201 1550 ἀναιδὴς

193 1561 306 1616 ἄχρις
332 1564 590 1614 ἀπηλοίησεν·
631 1565 650 1603 ὁ
677 1565 708 1605 δ’
735 1567 869 1608 ὕπτιος
895 1567 937 1606 ἐν
963 1568 1117 1622 κονίῃσι

195 1628 409 1676 κάππεσεν,
438 1630 556 1682 ἄμφω
581 1635 689 1685 χεῖρε
716 1634 851 1684 φίλοις
877 1632 1054 1685 ἑτάροισι
1078 1633 1298 1679 πετάσσας,

193 1696 315 1746 θυμὸν
340 1697 576 1738 ἀποπνείων·
616 1699 636 1737 ὁ
661 1698 693 1739 δ’
721 1697 937 1751 ἐπέδραμεν
963 1702 1005 1742 ὅς
1027 1700 1068 1752 ῥ’
1095 1699 1244 1751 ἔβαλέν
1269 1717 1353 1752 περ,

195 1763 373 1815 Πείροος,
402 1764 496 1804 οὖτα
521 1767 562 1805 δὲ
587 1766 692 1817 δουρὶ
718 1765 808 1819 παρ’
835 1767 1033 1818 ὀμφαλόν·
1074 1768 1115 1807 ἐκ
1141 1767 1172 1807 δ’
1197 1767 1271 1819 ἄρα
1295 1770 1421 1808 πᾶσαι
1458 1780 1520 1811 525

193 1828 314 1882 χύντο
339 1832 462 1883 χαμαὶ
488 1831 669 1884 χολάδες,
698 1832 765 1873 τὸν
793 1835 833 1873 δὲ
862 1834 1003 1875 σκότος
1027 1836 1129 1874 ὄσσε
1156 1833 1324 1886 κάλυψε.

259 1896 340 1936 Τὸν
366 1898 407 1937 δὲ
433 1898 542 1939 Θόας
570 1899 746 1942 Αἰτωλὸς
775 1901 1054 1951 ἀπεσσύμενον
1078 1901 1184 1952 βάλε
1210 1902 1313 1952 δουρὶ

195 1960 360 2014 στέρνον
385 1964 480 2015 ὑπὲρ
506 1965 654 2014 μαζοῖο,
685 1965 790 2018 πάγη
817 1967 850 2006 δ’
877 1968 918 2007 ἐν
944 1968 1132 2018 πνεύμονι
1157 1968 1319 2021 χαλκός·

193 2030 416 2082 ἀγχίμολον
441 2029 483 2070 δέ
509 2033 543 2071 οἱ
569 2031 666 2082 ἦλθε
694 2033 815 2079 Θόας,
844 2035 886 2074 ἐκ
913 2034 945 2075 δ’
971 2037 1138 2086 ὄβριμον
1163 2034 1282 2087 ἔγχος

193 2095 401 2136 ἐσπάσατο
428 2095 619 2149 στέρνοιο,
651 2100 848 2151 ἐρύσσατο
875 2103 916 2141 δὲ
940 2100 1056 2153 ξίφος
1081 2100 1161 2152 ὀξύ,
1455 2113 1522 2144 530

193 2163 245 2217 τῷ
272 2163 294 2202 ὅ
312 2180 357 2215 γε
383 2162 559 2215 γαστέρα
585 2166 687 2217 τύψε
711 2165 852 2217 μέσην,
882 2169 922 2207 ἐκ
948 2167 980 2207 δ’
1006 2169 1137 2208 αἴνυτο
1162 2169 1295 2218 θυμόν.

192 2229 335 2282 τεύχεα
361 2229 393 2270 δ’
420 2231 486 2270 οὐκ
513 2229 698 2272 ἀπέδυσε·
737 2235 983 2285 περίστησαν
1008 2236 1082 2286 γὰρ
1109 2237 1253 2287 ἑταῖροι

238 2334 298 2364 517
323 2323 422 2366 μοῖρ’]
439 2326 498 2366 κὴρ
517 2323 565 2354 Μ4
593 2366 601 2370 -
732 2335 796 2365 520
819 2326 900 2368 ἥρως
917 2325 1026 2356 Strab.
1046 2335 1106 2365 351
1257 2336 1320 2365 524
1346 2326 1521 2369 ὑπέδραμεν

227 2368 238 2386 ⁴
326 2367 400 2408 περ]
418 2381 471 2407 μιν
489 2377 513 2404 g·
523 2378 544 2404 q
555 2367 603 2397 U³
620 2367 660 2398 al.
817 2379 879 2409 527
906 2369 1128 2409 ἀπεσσύμενον
1144 2369 1202 2400 ΑΓ.
1224 2374 1247 2401 k
1258 2375 1273 2401 1
1285 2370 1335 2401 Ge
1348 2369 1390 2400 L8
1403 2370 1458 2401 L¹9
1471 2370 1522 2402 M⁵

235 2410 293 2443 U¹¹
308 2410 367 2443 V3²
378 2411 454 2443 Vi²:
482 2412 699 2452 ἐπεσσύμενον
717 2412 805 2452 vulg.
