1670 2828
637 141 672 175 3.
745 134 1001 172 ΙΛΙΑΔΟΣ
1050 136 1078 171 Γ

258 239 336 282 ιχΩς
362 238 491 291 ἔφαθ’,
512 237 668 290 ’Έκτωρ
693 238 725 279 δ’
753 237 834 278 αὖτ’
860 237 980 291 ἐχάρη
1007 237 1108 290 μέγα
1131 241 1252 289 μῦθον
1278 239 1462 285 ἀκούσας,

198 307 263 346 καί
282 304 322 357 ῥ’
348 307 388 347 ἐς
412 304 568 356 μέσσον
595 306 662 345 ἰὼν
687 305 834 356 Τρώων
859 303 1019 356 ἀνέεργε
1045 304 1270 357 φάλαγγας,

195 372 350 423 μέσσου
375 371 511 423 δουρὸς
537 372 650 411 ἑλών·
690 371 749 410 τοὶ
776 370 808 410 δ’
836 371 1074 422 ἱδρύνθησαν
1099 370 1279 413 ἅπαντες.

196 441 247 492 τῷ
275 437 306 478 δ’
333 436 613 487 ἐπετοξάζοντο
640 436 735 489 κάρη
765 437 982 486 κομόωντες
1006 436 1161 490 Ἀχαιοὶ

197 505 315 544 ἰοῖσίν
340 520 381 544 τε
405 504 679 554 τιτυσκόμενοι
705 502 857 543 λάεσσί
879 502 912 542 τ’
937 503 1127 553 ἔβαλλον·
1479 510 1522 540 80

196 569 316 622 αὐτὰρ
342 570 361 609 ὁ
385 569 534 622 μακρὸν
559 569 678 610 ἄϋσεν
706 567 808 619 ἄναξ
830 569 980 621 ἀνδρῶν
1005 569 1276 622 Ἀγαμέμνων·

199 639 222 654 “
240 635 412 688 ἴσχεσθ’,
438 635 622 688 Ἀργεῖοι,
649 635 701 686 μὴ
728 635 918 686 βάλλετε,
947 639 1076 687 κοῦροι
1099 635 1286 689 Ἀχαιῶν·

198 706 356 742 στεῦται
380 701 454 754 γάρ
479 719 515 742 τι
541 702 633 744 ἔπος
661 701 783 754 ἐρέειν
811 703 1064 754 κορυθαίολος
1082 701 1279 756 ’Έκτωρ.”

257 767 336 810 ΔΩς
361 767 491 820 ἔφαθ’,
519 770 553 808 οἱ
580 768 612 808 δ’
639 768 810 821 ἔσχοντο
837 767 966 821 μάχης
989 767 1089 824 ἄνεῴ
1115 769 1149 810 τ’
1175 769 1357 822 ἐγένοντο

198 834 437 886 ἐσσυμένως·
468 833 626 886 “Έκτωρ
651 837 690 875 δὲ
717 834 800 885 μετ’
830 835 1117 887 ἀμφοτέροισιν
1143 835 1260 876 ἔειπε·
1481 842 1520 880 85

199 905 222 919 “
241 900 401 942 κέκλυτέ
425 918 508 952 μευ,
535 904 668 953 Τρῶες
696 901 756 941 καὶ
784 900 1009 952 ἐϋκνήμιδες
1032 900 1199 955 Ἀχαιοί,

195 971 316 1019 μῦθον
341 967 634 1019 Ἀλεξάνδροιο,
663 971 728 1008 τοῦ
755 969 884 1008 εἵνεκα
911 971 1036 1009 νεῖκος
1062 970 1218 1021 ὄρωρεν.

198 1034 343 1076 ἄλλους
367 1036 437 1085 μὲν
465 1033 618 1074 κέλεται
643 1037 781 1086 Τρῶας
809 1035 869 1075 καὶ
896 1034 1045 1076 πάντας
1071 1034 1258 1088 Ἀχαιοὺς

197 1101 338 1154 τεύχεα
364 1100 450 1140 κάλ’
478 1099 696 1141 ἀποθέσθαι
725 1101 787 1140 ἐπὶ
813 1101 926 1154 χθονὶ
954 1102 1255 1157 πουλυβοτείρῃ,

198 1167 314 1208 αὐτὸν
340 1167 371 1207 δ’
400 1168 441 1207 ἐν
464 1166 602 1221 μέσσῳ
631 1168 691 1207 καὶ
719 1167 932 1219 ἀρηΐφιλοι·
961 1167 1170 1208 Μενέλαον
1483 1181 1525 1211 90

198 1235 301 1275 οἴους
327 1232 423 1286 ἀμφ’
449 1233 595 1289 Ἑλένῃ
623 1234 683 1273 καὶ
712 1232 880 1284 κτήμασι
908 1237 1006 1274 πᾶσι
1031 1234 1244 1287 μάχεσθαι.

199 1301 413 1352 ὁππότερος
438 1299 480 1340 δέ
506 1317 546 1341 κε
572 1299 711 1356 νικήσῃ
741 1301 937 1351 κρείσσων
964 1317 1004 1341 τε
1030 1300 1201 1353 γένηται,

200 1365 358 1416 κτήμαθ’
385 1367 487 1406 ἑλὼν
513 1366 554 1407 εὖ
579 1366 706 1407 πάντα
732 1366 896 1418 γυναῖκά
922 1384 963 1407 τε
990 1367 1112 1407 οἴκαδ’
1138 1367 1309 1419 ἀγέσθω·

199 1435 234 1473 οἱ
260 1433 292 1472 δ’
318 1433 434 1473 ἄλλοι
459 1433 656 1485 φιλότητα
683 1433 744 1473 καὶ
770 1434 880 1484 ὅρκια
907 1436 1028 1474 πιστέι
1054 1433 1276 1484 τάμωμεν.”

260 1498 339 1541 ι“Ως
364 1499 492 1551 ἔφαθ’,
520 1501 554 1539 οἱ
580 1499 611 1538 δ’
636 1499 710 1551 ἄρα
736 1499 879 1541 πάντες
907 1500 1002 1550 ἀκὴν
1030 1500 1214 1552 ἐγένοντο
1240 1506 1382 1557 σιωπῇ·
1484 1513 1525 1544 95

199 1570 301 1606 τοῖσι
327 1568 367 1606 δὲ
395 1566 455 1605 καὶ
481 1565 661 1616 μετέειπε
687 1566 789 1616 βοὴν
816 1566 960 1618 ἀγαθὸς
984 1566 1204 1609 Μενέλαος·

202 1634 225 1649 “
244 1631 403 1672 κέκλυτε
429 1635 496 1672 νῦν
523 1633 583 1672 καὶ
609 1633 726 1682 ἐμεῖο·
766 1632 940 1682 μάλιστα
966 1635 1040 1685 γὰρ
1068 1633 1189 1685 ἄλγος
1216 1633 1337 1674 ἱκάνει

201 1698 321 1749 θυμὸν
347 1699 452 1749 ἐμόν,
481 1698 634 1751 φρονέω
660 1700 700 1738 δὲ
728 1698 1042 1750 διακρινθήμεναι
1069 1699 1139 1750 ἤδη

199 1764 400 1817 Ἀργείους
426 1765 487 1804 καὶ
511 1767 660 1816 Τρῶας,
689 1765 773 1805 ἐπεὶ
801 1767 897 1805 κακίι
924 1768 1055 1806 πολλὰ
1082 1766 1262 1807 πέπασθε

201 1830 315 1871 εἵνεκ’
341 1832 434 1881 ε’μῆς
461 1832 586 1882 ἔριδος
613 1832 673 1871 καὶ
702 1830 965 1884 Ἀλεξάνδρου
994 1832 1091 1873 ἕνεκ’
1117 1834 1253 1885 ἀρχῆς·
1466 1845 1526 1867 100

201 1896 329 1947 ἡμέων
355 1897 387 1937 δ’
414 1897 614 1951 ὁπποτέρῳ
641 1897 807 1940 θάνατος
837 1900 897 1939 καὶ
923 1905 1039 1952 μοῖρα
1063 1899 1253 1944 τέτυκται,

200 1965 371 2014 τεθναίη·
411 1963 527 2004 ἄλλοι
553 1966 592 2003 δὲ
619 1967 873 2017 διακρινθεῖτε
903 1966 1086 2020 τάχιστα.

200 2032 335 2071 οἴσετε
359 2030 456 2082 ἄρν’,
485 2032 620 2082 ἕτερον
645 2033 799 2077 λευκόν,
830 2032 966 2083 ἑτέρην
991 2035 1033 2074 δὲ
1057 2033 1265 2084 μέλαιναν,

201 2095 255 2149 Γῇ
278 2110 320 2133 τε
347 2094 407 2133 καὶ
433 2093 595 2148 Ἠελίῳ·
636 2097 702 2136 Διὶ
730 2095 760 2134 δ’
786 2097 897 2146 ἡμεῖς
923 2099 1082 2148 οἴσομεν
1108 2098 1283 2138 dmm-³

201 2157 311 2209 ἄξετε
337 2162 378 2200 δὲ
405 2161 598 2212 Πριάμοιο
625 2165 731 2213 βίην,
761 2163 850 2215 ὄφρ’
877 2164 987 2214 ὅρκια
1011 2163 1135 2219 τάμνῃ
1468 2178 1525 2208 105

246 2252 285 2289 78
308 2261 371 2282 om.
391 2250 484 2282 AGe
496 2250 542 2280 N*
551 2251 611 2281 V1³
720 2257 795 2292 post
813 2253 855 2283 86
871 2253 946 2284 add.
967 2254 1036 2295 ὄφρ’
1058 2257 1131 2286 εἴπω
1149 2255 1188 2286 τά
1207 2268 1246 2295 με
1268 2256 1361 2295 θυμὸς
1386 2256 1431 2287 ἐνὶ
1449 2255 1526 2293 στή-

201 2298 291 2326 θεσσι
311 2294 435 2326 κελεύει
452 2298 528 2331 efq
541 2294 568 2324 B
582 2295 607 2324 C
619 2295 646 2325 T
663 2295 702 2326 al.
869 2306 912 2336 92
937 2297 1076 2338 κρείσσω
1091 2297 1174 2329 Zen.
1334 2309 1376 2337 94
1400 2308 1464 2329 om.
1484 2295 1530 2346 12³

287 2338 329 2377 98
352 2337 429 2378 ἤδη]
451 2339 543 2378 ἄμφω
561 2348 585 2375 g·
597 2343 611 2369 1
710 2348 752 2378 99
776 2342 911 2381 Ἀργεῖοι
929 2342 978 2372 καὶ
995 2343 1096 2382 Τρῶες
1115 2341 1194 2372 Zen.
1302 2341 1447 2374 πέπασθε
1463 2342 1522 2372 ΑΓ.

200 2381 231 2411 Α
251 2390 294 2411 ss.
314 2393 320 2411 :
345 2381 485 2413 πέποσθε
505 2381 598 2413 Hdn.
617 2382 714 2413 codd.
911 2393 971 2414 100
996 2386 1080 2422 ἐμεῖο
1100 2383 1195 2415 Tvi2
1348 2386 1425 2423 ἄτης
1443 2384 1523 2415 Zen.

203 2424 261 2456 (cf.
283 2430 304 2456 Z
321 2426 384 2464 356
401 2430 427 2457 Ω
444 2425 498 2465 283
650 2435 708 2465 103
733 2428 759 2458 δ’
777 2428 840 2468 ἄρν’
858 2427 953 2458 codd.
976 2432 1110 2467 praeter
1131 2427 1176 2476 ψ’
