1624 2802
535 119 571 154 8.
643 116 903 153 ΙᾹΙΑΔΟΣ
951 115 989 153 Θ

103 215 286 268 Νέστορα
311 214 342 256 δ’
367 217 409 256 ἐκ
434 219 579 268 χειρῶν
605 217 734 268 φύγον
759 217 849 267 ἡνία
875 217 1127 269 σιγαλόεντα,

102 287 208 324 δεῖσε
233 281 264 321 δ’
291 283 312 322 ὅ
335 282 372 334 γ’
397 283 440 322 ἐν
467 285 584 336 θυμῷ,
615 282 817 333 Διομήδεα
842 286 883 323 δὲ
908 282 1137 332 προσέειπε·

103 347 318 398 ί(Τυδεΐδη,
346 347 417 400 ἄγε
442 348 487 398 δὴ
514 348 606 389 αὖτε
634 348 805 401 φόβονδ’
831 349 899 402 ἕχε
923 350 1106 403 μώνυχας
1131 349 1285 391 ἵππους.

101 415 124 466 ἥ
148 415 191 456 οὗ
214 415 447 468 γιγνώσκεις
472 416 494 454 ὅ
517 431 578 455 τοι
603 416 645 455 ἐκ
675 415 771 457 Διὸς
797 414 870 468 οὐχ
902 415 1006 455 ἕπετ’
1032 413 1152 466 ἀλκή;
1361 430 1420 461 140

101 486 166 523 νῦν
189 483 260 532 μὲν
284 483 358 533 γὰρ
383 481 506 535 τούτῳ
534 482 727 533 Κρονίδης
748 481 845 522 Ζεὺς
872 484 982 522 κῦδος
1007 481 1142 531 ὀπάζει

101 547 283 600 σήμερον·
319 548 486 595 ὕστερον
511 547 602 588 αὖτε
628 548 689 588 καὶ
716 548 820 597 ἡμῖν,
848 548 891 587 αἵ
915 547 946 587 κ’
973 547 1149 603 ἐθέλῃσι,

100 615 229 655 δώσει·
266 613 362 665 ἀνὴρ
387 613 429 654 δέ
455 631 520 654 κεν
545 614 589 654 οὔ
614 631 651 654 τι
678 613 774 655 Διὸς
801 614 894 654 νόον
921 614 1149 665 εἰρύσσαιτο

100 681 186 721 οὐδὲ
209 679 302 731 μάλ’
326 682 501 732 ἴφθιμος,
529 680 614 721 ε’πεὶ
638 679 662 729 ἦ
686 680 789 720 πολὺ
817 679 1008 732 φέρτερός
1034 680 1157 720 ἐστι.”

163 747 243 787 Τὸν
267 746 299 787 δ’
323 746 500 797 ἠμείβετ’
527 747 662 787 ἔπειτα
686 746 789 797 βοὴν
817 746 963 798 ἀγαθὸς
990 745 1201 797 Διομήδης·
1357 759 1416 790 145

102 813 203 853 “ναὶ
228 813 272 863 δὴ
297 812 417 853 ταῦτά
441 829 487 865 γε
512 812 652 859 πάντα,
680 812 810 865 γέρον,
839 813 936 852 κατὰ
961 816 1101 862 μοῖραν
1127 813 1266 854 ἔειπες·

100 880 202 919 ἀλλὰ
225 879 304 919 τόδ’
330 879 439 919 αἰνὸν
465 878 562 932 ἄχος
588 880 747 930 κραδίην
773 879 835 919 καὶ
862 878 983 929 θυμὸν
1010 878 1144 919 ἱκάνει·

93 944 249 996 ‘'Em-cop
272 945 346 997 γάρ
371 962 467 986 ποτε
492 944 616 997 φήσει
641 946 698 986 ἐνὶ
722 944 906 997 Τρώεσσ’
933 945 1146 997 ἀγορεύων·

101 1010 309 1061 (Τυδεΐδης
333 1011 397 1052 ὑπ’
423 1013 530 1062 ἐμεῖο
556 1012 806 1064 φοβεύμενος
831 1012 935 1052 ἵκετο
961 1010 1084 1062 νῆας.’

99 1078 149 1119 ὥς
172 1077 257 1117 ποτ’
283 1077 505 1128 ἀπειλήσει·
543 1079 633 1119 τότε
656 1095 723 1129 μοι
747 1077 865 1131 χάνοι
890 1077 1019 1128 εὐρεῖα
1044 1075 1192 1130 χθών.”
1356 1090 1417 1119 150

161 1143 243 1185 Τὸν
267 1144 299 1184 δ’
323 1144 501 1195 ἠμείβετ’
527 1144 661 1185 ἔπειτα
687 1142 872 1196 Γερήνιος
897 1144 1042 1184 ἱππότα
1068 1142 1249 1194 Νέστωρ·

117 1210 168 1250 ’ὤ
190 1227 268 1261 μοι,
295 1210 440 1252 Τυδέος
464 1212 521 1252 υἱὲ
547 1210 772 1262 δαΐφρονος,
801 1211 884 1250 οἷον
909 1210 1048 1251 ἔειπες.

100 1277 134 1317 εἴ
155 1293 226 1328 περ
249 1276 324 1329 γάρ
349 1276 388 1316 σ’
405 1276 564 1328 “Έκτωρ
588 1294 634 1329 γε
659 1277 779 1317 κακὸν
805 1277 867 1316 καὶ
892 1275 1085 1316 ἀνάλκιδα
1111 1275 1246 1327 φήσει,

102 1212 110 1227 6

98 1342 187 1382 ἀλλ’
210 1343 255 1383 οὐ
279 1344 485 1384 πείσονται
509 1346 643 1395 Τρῶες
669 1344 730 1383 καὶ
758 1343 1032 1394 Δαρδανίωνες

100 1410 159 1449 καὶ
182 1410 327 1461 Τρώων
353 1409 497 1463 ἄλοχοι
520 1410 756 1461 μεγαθύμων
781 1408 1028 1454 ἀσπιστάων,
1355 1421 1414 1451 155

98 1474 199 1516 τάων
225 1477 267 1516 ἐν
293 1477 448 1532 κονίῃσι
473 1475 599 1526 βάλες
625 1475 814 1528 θαλεροὺς
839 1473 1116 1527 παρακοίτας.”

156 1539 234 1584 ΔΩς
259 1541 332 1594 ἄρα
355 1541 546 1594 φωνήσας
571 1541 714 1594 φύγαδ’
740 1542 884 1594 ἔτραπε
907 1542 1091 1595 μώνυχας
1118 1541 1259 1582 ἵππους

98 1607 202 1649 αὖτις
227 1607 286 1648 ἀν’
312 1609 475 1661 ἰωχμόν·
514 1608 577 1649 ἐπὶ
603 1610 644 1648 δὲ
667 1607 801 1659 Τρῶές
825 1624 868 1648 τε
893 1609 955 1648 καὶ
973 1606 1132 1656 ’Έκτωρ

97 1673 172 1730 ἠχῇ
197 1676 391 1730 θεσπεσίῃ
416 1674 543 1725 βέλεα
568 1675 784 1715 στονόεντα
811 1674 966 1728 χέοντο.

98 1743 148 1793 τῷ
173 1739 204 1780 δ’
230 1741 293 1782 ἐπὶ
316 1741 466 1794 μακρὸν
490 1741 588 1782 ἄϋσε
612 1739 735 1793 μέγας
762 1742 1017 1792 κορυθαίολος
1035 1738 1205 1791 “Έκτωρ·
1355 1742 1414 1773 160

99 1808 124 1822 “
139 1805 314 1856 Τυδεΐδη,
341 1807 428 1860 περὶ
452 1806 525 1858 μέν
549 1824 598 1848 σε
621 1809 706 1848 τίον
733 1809 884 1848 Δαναοὶ
909 1807 1139 1860 ταχύπωλοι

98 1871 187 1928 ἕδρῃ
210 1889 253 1913 τε
277 1872 437 1925 κρέασίν
461 1890 503 1914 τε
529 1875 585 1914 ἰδὲ
609 1874 761 1915 πλείοις
785 1873 993 1914 δεπάεσσι·

97 1940 163 1978 νῦν
187 1937 229 1979 δέ
254 1938 294 1978 σ’
318 1938 569 1991 ἀτιμήσουσι·
608 1939 790 1991 γυναικὸς
814 1939 874 1991 ἄρ’
900 1941 985 1979 ἀντὶ
1010 1936 1158 1988 τέτυξο.

98 2003 194 2055 ἔρρε,
223 2004 316 2055 κακὴ
340 2005 481 2057 γλήνη,
509 2007 594 2047 ἐπεὶ
619 2005 687 2046 οὐκ
713 2005 888 2057 εἴξαντος
913 2007 1020 2055 ἐμεῖο

97 2069 252 2122 πύργων
275 2071 472 2123 ἡμετέρων
499 2071 725 2122 ἐπιβήσεαι,
752 2072 840 2112 οὐδὲ
865 2075 1050 2123 γυναῖκας
1351 2071 1410 2109 165

97 2134 200 2186 ἄξεις
224 2138 265 2177 ἐν
290 2136 444 2188 νήεσσι·
484 2138 605 2189 πάρος
630 2154 691 2178 τοι
716 2139 880 2187 δαίμονα
905 2135 1059 2176 δώσω.”

142 2237 199 2267 137
223 2227 325 2269 φύγεν
347 2238 377 2259 v.
391 2227 411 2259 l.
438 2232 507 2259 ant.
531 2228 714 2284 moAxss²
738 2226 920 2279 U¹³Y¹V¹⁶
945 2226 987 2256 al.
1091 2223 1421 2279 φοινικόενταοΙΙικρ

96 2269 379 2356 ἃζῗιῖιὲἓῑῑι)
399 2314 458 2347 ιι.
473 2270 771 2345 ιιιὸἓιιδιιαιιῖῑ]
785 2269 977 2352 ἔπέῑιῒι
995 2310 1082 2349 ιι.
1136 2268 1420 2349 Ῑόῖιῖῖῑὶιεῖϊιῗῖ

98 2356 269 2397 Aristoph.
289 2358 347 2389 Ar.
483 2359 544 2389 166
567 2358 700 2397 δαίμονα
717 2356 824 2397 δώσω]
842 2355 965 2395 πότμον
983 2354 1092 2395 ἐφήσω
1108 2353 1189 2385 Zen.
