1624 2802
545 158 580 192 5.
654 154 916 191 ΙᾹΙΑΔΟΣ
966 155 996 191 E

108 255 249 296 πολλοὶ
274 256 347 306 γὰρ
373 254 418 304 δὴ
445 257 592 305 τλῆμεν
619 255 818 306 Ὀλύμπια
843 255 987 306 δώματ’
1015 257 1172 309 ἔχοντες

107 321 152 372 ἐξ
173 322 333 372 ἀνδρῶν,
360 320 503 374 χαλέπ’
529 320 640 373 ἄλγε’
669 321 728 362 ἐπ’
754 321 971 372 ἀλλήλοισι
997 322 1179 365 τιθέντες.

105 390 176 438 τλῆ
201 389 272 438 μὲν
291 386 426 438 ”Αρης,
453 388 519 427 ὅτε
542 404 608 438 μιν
628 386 754 429 ἲΩτος
780 389 965 440 κρατερός
990 388 1022 428 τ’
1047 388 1281 442 Ἐφιάλτης,

105 457 237 495 παῖδες
262 452 451 503 Ἀλωῆος,
478 455 604 504 δῆσαν
631 458 800 509 κρατερῷ
827 455 884 494 ἐνὶ
911 457 1055 509 δεσμῷ·

105 518 258 574 χαλκέῳ
285 518 316 560 δ’
343 521 383 560 ἐν
408 519 560 574 κεράμῳ
587 518 717 561 δέδετο
743 523 994 573 τρισκαίδεκα
1017 525 1153 572 μῆνας·

105 588 170 627 καί
190 587 236 626 νύ
260 603 325 627 κεν
350 586 428 626 ἔνθ’
455 587 645 627 ἀπόλοιτο
663 585 788 639 ’Άρης
812 589 904 629 ἆτος
932 587 1133 639 πολέμοιο,

106 655 137 693 εἰ
160 653 212 703 μὴ
236 652 412 704 μητρυιή,
440 653 681 705 περικαλλὴς
705 653 929 706 Ἠερίβοια,

103 719 248 773 “Ερμέᾳ
273 717 515 772 ἐξήγγειλεν·
553 721 573 759 ὁ
599 719 630 760 δ’
656 718 873 772 ἐξέκλεψεν
893 720 1021 771 ’Άρηα

103 785 172 836 ἤδη
198 786 433 838 τειρόμενον,
461 786 637 839 χαλεπὸς
662 785 704 826 δέ
730 789 746 827 ἑ
773 787 917 838 δεσμὸς
944 786 1103 837 ἐδάμνα.

105 855 176 902 τλῆ
201 852 232 892 δ’
251 851 372 905 “Ὴρη,
399 854 462 893 ὅτε
486 870 553 903 μιν
579 853 761 905 κρατερὸς
785 853 876 895 πάϊς
903 853 1200 906 Ἀμφιτρύωνος

103 918 296 971 δεξιτερὸν
322 921 417 959 κατὰ
441 919 562 970 μαζὸν
587 920 707 974 ὀϊστῷ
733 921 964 973 τριγλώχινι

103 984 309 1036 βεβλήκει·
347 986 435 1026 τότε
462 987 528 1026 καί
547 1003 613 1036 μιν
638 985 857 1036 ἀνήκεστον
882 986 1011 1037 λάβεν
1035 986 1171 1038 ἄλγος.

102 1054 174 1102 τλῆ
200 1051 232 1092 δ’
257 1051 389 1102 Ἀΐδης
415 1053 455 1092 ἐν
480 1056 584 1093 τοῖσι
610 1053 801 1104 πελώριος
828 1053 928 1093 ὠκὺν
953 1054 1102 1099 ὀϊστόν,

105 1115 189 1158 εὖτέ
211 1135 277 1169 μιν
303 1118 424 1160 ωὐτὸς
449 1118 558 1171 ἁνήρ,
586 1119 667 1161 υἱὸς
695 1119 789 1161 Διὸς
815 1120 1022 1172 αἰγιόχοιο,

102 1186 143 1224 ἐν
169 1185 289 1239 Πύλῳ
315 1187 358 1225 ἐν
381 1186 568 1225 νεκύεσσι
593 1186 732 1235 βαλὼν
757 1186 944 1242 ὀδύνῃσιν
970 1186 1124 1226 ἔδωκεν·

102 1250 218 1303 αὐτὰρ
244 1252 264 1290 ὁ
287 1253 342 1302 βῆ
369 1252 464 1303 πρὸς
490 1255 597 1302 δῶμα
625 1252 720 1294 Διὸς
747 1253 807 1292 καὶ
832 1252 979 1304 μακρὸν
999 1251 1212 1303 ’Όλυμπον

103 1320 172 1369 κῆρ
196 1317 338 1370 ἀχέων,
366 1318 529 1374 ὀδύνῃσι
554 1318 813 1370 πεπαρμένος·
854 1319 974 1370 αὐτὰρ
999 1319 1134 1360 ὀϊστὸς

102 1384 189 1438 ὤμῳ
215 1384 272 1424 ἔνι
298 1385 476 1439 στιβαρῷ
502 1384 692 1435 ἠλήλατο,
721 1387 811 1435 κῆδε
838 1387 878 1425 δὲ
905 1385 1037 1436 θυμόν.

101 1453 152 1504 τῷ
178 1449 209 1490 δ’
236 1451 298 1490 ἐπὶ
324 1450 486 1500 Παιήων
512 1451 738 1503 ὀδυνήφατα
764 1451 951 1504 φάρμακα
977 1451 1147 1491 πάσσων

101 1515 270 1565 ἠκέσατ’·
309 1516 353 1556 οὐ
377 1519 448 1567 μὲν
474 1517 547 1569 γάρ
572 1535 610 1557 τι
637 1519 874 1567 καταθνητός
902 1517 939 1569 γ’
965 1517 1157 1558 ἐτέτυκτο.

102 1582 298 1635 σχέτλιος,
327 1585 596 1636 ὀβριμοεργός,
625 1583 666 1625 ὃς
693 1584 760 1623 οὐκ
784 1584 884 1623 ὄθετ’
912 1585 1057 1624 αἴσυλα
1081 1584 1214 1635 ῥέζων,

100 1648 142 1691 ὃς
168 1647 347 1699 τόξοισιν
371 1650 482 1700 ἔκηδε
510 1650 632 1695 θεούς,
661 1650 696 1690 οἳ
719 1649 931 1700 ’Όλυμπον
957 1650 1107 1702 ἔχουσι.
1130 1698 1132 1700 .

102 1716 166 1756 σοὶ
190 1716 222 1755 δ’
248 1717 311 1757 ἐπὶ
336 1721 472 1757 τοῦτον
498 1718 615 1766 ἀνῆκε
644 1718 713 1756 θεὰ
739 1720 966 1768 γλαυκῶπις
993 1715 1150 1766 Ἀθήνη

100 1781 248 1832 νήπιος,
275 1783 362 1824 οὐδὲ
386 1783 430 1823 τὸ
455 1783 534 1823 οἶδε
561 1785 657 1822 κατὰ
684 1782 810 1834 φρένα
833 1782 979 1824 Τυδέος
1004 1783 1098 1828 υἱός,

101 1850 183 1889 ὅττι
206 1849 298 1899 μάλ’
324 1849 367 1888 οὐ
392 1849 546 1899 δηναιὸς
573 1849 613 1890 ὃς
643 1849 874 1889 ἀθανάτοισι
900 1848 1084 1902 μάχηται,

101 1914 188 1955 οὐδέ
211 1916 251 1955 τί
271 1933 337 1966 μιν
362 1918 497 1958 παῖδες
523 1917 610 1956 ποτὶ
639 1915 805 1967 γούνασι
831 1915 1107 1965 παππάζουσιν

103 1981 253 2022 ἐλθόντ’
279 1983 320 2022 ἐκ
345 1981 532 2033 πολέμοιο
559 1982 621 2022 καὶ
651 1984 759 2032 αἰνῆς
785 1984 998 2032 δηϊοτῆτος.

100 2051 151 2087 τῶ
177 2051 243 2088 νῦν
267 2048 465 2098 Τυδεΐδης,
497 2050 529 2088 εἰ
556 2050 617 2088 καὶ
645 2047 753 2099 μάλα
778 2049 960 2100 καρτερός
987 2049 1085 2094 ἐστι,

101 2113 310 2164 φραζέσθω
334 2113 386 2165 μή
413 2115 471 2156 τίς
498 2116 533 2154 οἱ
559 2116 728 2166 ἀμείνων
755 2118 839 2154 σεῖο
863 2112 1047 2166 μάχηται,

99 2178 150 2228 μὴ
176 2179 245 2229 δὴν
272 2179 491 2233 Αἰγιάλεια,
522 2182 722 2233 περίφρων
749 2180 999 2232 Ἀδρηστίνη,

1368 736 1428 766 390

1368 1067 1427 1097 393

1361 1399 1426 1428 400

1360 1729 1425 1758 405

1363 2060 1427 2090 410

143 2280 207 2310 390
232 2271 360 2313 Ἑρμείᾳ
377 2282 398 2302 a.
410 2271 454 2301 Ν4
468 2269 511 2301 R¹
525 2270 566 2301 V¹
585 2281 592 2301 z
617 2270 730 2311 Ἐρμέα
745 2271 775 2302 τ’
792 2274 837 2300 11·
849 2270 890 2300 al.
906 2283 912 2300 ι
939 2268 1056 2310 Ἐρμέω
1075 2268 1121 2299 Ul
1231 2279 1294 2308 394
1320 2270 1372 2301 καί
1389 2275 1423 2300 et

102 2312 157 2345 κέν
179 2313 237 2344 ΑΓ.
259 2314 386 2354 (διχῶς)
404 2329 410 2346 :
437 2314 488 2346 καί
510 2328 564 2353 μιν
589 2313 649 2343 Μ11
666 2313 725 2343 U¹¹
745 2325 752 2343 ε
776 2314 901 2353 καίπερ
917 2316 999 2343 afh
1014 2312 1041 2342 B
1055 2312 1080 2341 C
1097 2312 1138 2342 al.
1157 2324 1162 2342 :
1187 2311 1241 2344 κέν
1259 2326 1313 2351 μιν
1331 2313 1420 2351 vulg.

187 2367 251 2396 403
277 2357 487 2398 αἶσυλοεργός
502 2357 561 2387 ΑΓ.
671 2356 722 2397 ἳις]
741 2357 757 2388 ὅ
772 2358 801 2387 τ’
818 2367 847 2386 ν.
869 2355 887 2386 l.
907 2366 960 2395 ap.
977 2356 1047 2386 sch.
1065 2355 1092 2385 T
1195 2365 1256 2394 407
1280 2356 1423 2395 μάχηται

102 2398 141 2447 19¹
155 2404 266 2431 ehio
283 2401 345 2432 aL:
373 2400 510 2440 μάχοιτο
529 2399 680 2440 plerique
781 2400 843 2437 408
867 2399 899 2430 τί
915 2404 947 2429 ct
964 2398 1004 2430 τέ
1019 2398 1076 2429 Ar.
1115 2401 1225 2439 διχῶς)
1245 2410 1251 2429 :
1276 2412 1307 2430 τι
1325 2399 1420 2430 codd.
