1660 2802
629 115 688 150 12.
762 110 1017 148 ΙΛΙΑΔΟΣ
1066 111 1107 148 M

202 212 253 254 ὣς
270 210 426 263 ’Έκτωρ
452 211 510 252 ἀν’
537 213 676 263 ὅμιλον
703 213 771 253 ἰὼν
797 213 992 253 εἱλίσσεθ’
1017 215 1192 266 ἑταίρους

201 277 354 330 τάφρον
379 278 601 330 ἐποτρύνων
627 279 893 330 διαβαινέμεν·
932 279 1021 320 οὐδέ
1045 282 1080 320 οῖ
1106 281 1217 321 ἵπποι
1483 294 1526 326 50

200 346 357 395 τόλμων
383 344 591 390 ὠκύποδες,
617 344 726 395 μάλα
750 348 792 386 δὲ
816 345 1044 399 χρεμέτιζον
1068 346 1128 387 ἐπ’
1154 346 1257 402 ἄκρῳ

200 412 329 464 χείλει
355 412 609 462 ἐφεσταότες·
647 411 722 452 ἀπὸ
748 413 821 464 γὰρ
847 413 1070 452 δειδίσσετο
1095 412 1246 465 τάφρος

202 476 332 529 εὐρεῖ’,
360 476 438 517 οὔτ’
463 477 523 528 ἄρ’
547 477 798 530 ὑπερθορέειν
825 478 971 531 σχεδὸν
996 479 1085 519 οὔτε
1109 481 1278 531 περῆσαι

199 545 340 595 ῥηϊδίη·
379 544 538 595 κρημνοὶ
563 545 637 595 γὰρ
663 544 879 596 ἐπηρεφέες
903 545 990 595 περὶ
1017 547 1150 584 πᾶσαν

201 611 378 650 ἕστασαν
403 609 695 662 ἀμφοτέρωθεν,
722 611 888 666 ὕπερθεν
912 613 955 651 δὲ
980 611 1255 652 σκολόπεσσιν
1484 625 1525 657 55

200 675 335 726 ὀξέσιν
358 675 504 728 ἠρήρει,
532 676 622 718 τοὺς
647 678 818 717 ἵστασαν
842 678 922 718 υῗες
946 677 1122 730 Ἀχαιῶν

200 743 366 784 πυκνοὺς
391 744 453 783 καὶ
477 742 685 794 μεγάλους,
714 743 832 793 δηΐων
858 745 1008 796 ἀνδρῶν
1033 744 1224 797 ἀλεωρήν.

200 809 278 850 ἔνθ’
305 810 349 849 οὔ
375 827 439 850 κεν
462 809 532 862 ῥέα
559 810 677 852 ἵππος
705 809 891 863 ἐΰτροχον
916 810 1019 862 ἅρμα
1043 812 1225 852 τιταίνων

201 877 360 927 ἐσβαίη,
388 877 496 926 πεζοὶ
521 878 563 917 δὲ
587 877 790 927 μενοίνεον
816 878 850 917 εἰ
874 876 1068 918 τελέουσι.

201 943 246 993 δὴ
271 944 359 983 τότε
385 942 648 993 Πουλυδάμας
675 943 824 994 θρασὺν
843 943 1017 996 εἘκτορα
1042 944 1127 985 εἶπε
1150 944 1369 996 παραστάς·
1484 950 1526 982 60

202 1008 383 1061 “”Έκτορ
409 1009 442 1049 τ’
468 1009 525 1059 ἠδ’
550 1009 669 1050 ἄλλοι
693 1010 839 1061 Τρώων
865 1011 953 1062 ἀγοὶ
978 1010 1036 1060 ἠδ’
1065 1011 1292 1062 ἐπικούρων,

200 1076 405 1128 ἀφραδέως
431 1078 493 1116 διὰ
516 1076 669 1129 τάφροι·
697 1078 913 1127 ἐλαύνομεν
939 1076 1061 1119 ὠκέας
1086 1078 1239 1119 ἵππους·

200 1143 220 1193 ἡ
247 1145 287 1183 δὲ
311 1142 404 1193 μάλ’
429 1143 602 1194 ἀργαλέη
629 1143 791 1195 περάαν·
831 1144 1028 1186 σκόλοπες
1053 1146 1127 1196 γὰρ
1155 1145 1195 1184 ἐν
1221 1143 1317 1201 αὐτῇ

198 1207 306 1258 ὀξέες
331 1211 510 1255 ἑστᾶσιν,
537 1211 625 1250 ποτὶ
652 1209 683 1249 δ’
711 1209 849 1251 αὐτοὺς
873 1214 1005 1263 τεῖχος
1030 1210 1216 1263 Ἀχαιῶν.

200 1275 277 1316 ἔνθ’
302 1276 345 1316 οὔ
370 1292 451 1317 πως
476 1277 585 1316 ἔστιν
612 1275 881 1326 καταβήμεναι
906 1276 993 1317 οὐδὲ
1018 1276 1220 1330 μάχεσθαι
1483 1281 1524 1320 65

200 1344 371 1383 ἱππεῦσι·
411 1346 565 1384 στεῖνος
589 1342 677 1394 γάρ,
706 1344 768 1382 ὅθι
791 1343 1016 1394 τρώσεσθαι
1040 1343 1122 1383 ὀΐω.

199 1410 231 1449 εἰ
255 1411 325 1459 μὲν
351 1411 424 1461 γὰρ
450 1409 539 1450 τοὺς
566 1409 697 1462 πάγχυ
725 1411 821 1448 κακὰ
847 1409 1027 1461 φρονέων
1052 1409 1245 1459 ἀλαπάζει

199 1476 296 1517 Ζεὺς
319 1475 602 1527 ὑψιβρεμέτης,
629 1476 817 1527 Τρώεσσι
842 1478 883 1516 δὲ
909 1475 977 1515 ἵετ’
1002 1475 1176 1528 ἀρήγειν,

198 1540 221 1592 ἧ
246 1540 277 1582 τῖ
303 1542 351 1582 ἂν
376 1542 493 1594 ἔγωγ’
519 1541 694 1592 ἐθέλοιμι
720 1543 782 1582 καὶ
808 1543 943 1582 αὐτίκα
968 1546 1081 1582 τοῦτο
1106 1541 1308 1595 γενέσθαι,

197 1609 418 1660 νωνύμνους
445 1608 667 1649 ἀπολέσθαι
694 1608 759 1649 ἀπ’
780 1608 949 1660 Ἄργεος
975 1608 1102 1649 ἐνθάδ’
1129 1609 1328 1662 Ἀχαιούς·
1481 1620 1525 1652 70

197 1677 231 1716 εἰ
256 1675 298 1715 δέ
320 1675 360 1728 χ’
383 1675 687 1727 ὑποστρέψωσι,
715 1673 906 1725 παλίωξις
930 1677 971 1716 δὲ
998 1675 1157 1728 γένηται

199 1743 239 1782 ἐκ
264 1746 367 1792 νηῶν
393 1743 455 1782 καὶ
480 1741 615 1796 τάφρῳ
644 1741 915 1793 ἐνιπλήξωμεν
940 1743 1092 1799 ὀρυκτῇ,

197 1807 319 1848 οὐκέτ’
345 1808 465 1849 ἔπειτ’
489 1808 556 1849 ὀΐω
583 1808 661 1850 οὐδ’
687 1808 859 1861 ἄγγελον
885 1808 1122 1850 ἀπονέεσθαι

198 1875 373 1927 ἄψορρον
398 1877 510 1927 προτὶ
535 1875 634 1916 ἄστυ
662 1874 902 1928 ἑλιχθέντων
927 1875 990 1916 ὑπ’
1017 1876 1202 1929 Ἀχαιῶν.

197 1941 286 1982 ἀλλ’
311 1941 431 1994 ἄγεθ’,
459 1942 510 1983 ὡς
536 1942 583 1982 ἂν
610 1943 686 1994 ἐγὼ
712 1944 820 1989 εἴπω,
848 1943 1072 1993 πειθώμεθα
1096 1942 1251 1984 πάντες·
1479 1953 1520 1985 75

196 2009 336 2050 ἵππους
359 2010 431 2059 μὲν
457 2008 691 2061 θεράποντες
717 2010 932 2060 ἐρυκόντων
958 2010 1022 2050 ἐπὶ
1046 2009 1197 2064 τάφρῳ,

237 2111 279 2140 49
303 2100 458 2132 εἱλίσσεθ’
474 2111 551 2140 agn.
574 2101 724 2131 Nicanor
746 2102 830 2141 x‘uv.x
848 2113 854 2131 :
880 2102 1046 2134 ἐλλίσσεθ’
1063 2101 1150 2141 vulg.
1300 2111 1342 2140 52
1367 2102 1523 2136 ἑσταότες

194 2147 343 2176 acdhk
359 2153 390 2175 v.
404 2144 423 2174 l.
443 2154 496 2183 ap.
518 2144 612 2174 Eust.
775 2155 815 2184 54
841 2145 1018 2186 ἐπιρριφέες
1035 2155 1090 2182 gq
1178 2144 1264 2187 περὶ]
1283 2147 1333 2177 διὰ
1349 2146 1522 2186 Aristoph.

281 2189 323 2226 58
356 2187 464 2228 ἐΰξοον
487 2187 646 2218 behoss
662 2188 688 2218 C
712 2199 742 2219 v.
760 2187 780 2219 l.
806 2199 858 2228 ap.
886 2188 978 2219 Eust.
1003 2189 1044 2219 al.
1198 2199 1241 2228 59
1272 2189 1415 2227 καββαίη
1437 2189 1520 2222 Zen.

194 2231 367 2270 Aristoph.
500 2232 540 2261 61
567 2232 724 2273 ἐπίκουροι
741 2231 886 2263 edfrA
902 2242 946 2262 ss.
967 2230 1026 2261 V¹²³
1038 2230 1096 2262 V3'2
1220 2233 1262 2262 62
1286 2231 1353 2273 διὰ]
1370 2234 1438 2270 περὶ
1455 2243 1484 2263 v.
1498 2233 1518 2264 1.

195 2275 227 2304 in
246 2275 278 2304 A
390 2274 542 2306 ἐλαύνετε
559 2276 709 2314 μώνυχας
725 2287 749 2306 n
762 2275 841 2305 Bm⁵
854 2275 898 2306 U¹
910 2273 967 2305 Vb*
986 2286 1016 2306 v.
1033 2275 1052 2306 l.
1072 2285 1126 2315 ap.
1147 2275 1242 2307 Eust.
1408 2277 1450 2314 63
1474 2276 1522 2308 ἀν’

195 2319 296 2356 αὐτὴν
313 2318 340 2348 C
353 2317 408 2349 [Γ]
549 2320 592 2348 66
616 2320 732 2356 ἱππῆας
749 2319 829 2349 Zen.
850 2319 1026 2358 Aristoph.
1167 2319 1208 2358 67
1233 2319 1308 2351 τοὺς
1324 2318 1499 2358 Aristoph.
1514 2330 1522 2350 :

195 2363 233 2399 δὴ
260 2363 357 2392 codd.
516 2363 559 2392 68
581 2362 641 2393 ἵετ’
666 2362 724 2392 Ar.
752 2367 797 2393 h:
830 2362 960 2399 βούλετ’
984 2368 1074 2393 cet.:
1100 2362 1241 2400 βούλετο
1266 2363 1356 2400 νίκην
1378 2372 1407 2392 v.
1423 2362 1444 2393 l.
1468 2372 1521 2402 ap.

197 2405 290 2435 Eust.
457 2416 497 2444 70
527 2405 702 2443 νωνύμνους
726 2406 779 2436 iA
792 2405 928 2436 GfTV5
938 2405 1017 2436 VN:
1043 2406 1199 2443 νωνύμους
1224 2412 1284 2436 cet.
1303 2416 1310 2435 :
1343 2410 1521 2445 utrumque

197 2447 290 2478 Eust.
431 2459 468 2487 75
494 2450 552 2489 ἄγε
570 2450 631 2480 τὼς
648 2448 728 2478 Zen.
