1670 2828
657 169 688 203 1.
762 162 1024 200 ΙΛΙΑΔΟΣ
1094 163 1127 200 Α

231 270 335 309 ἀλλὰ
359 266 451 318 μάλ’
478 267 640 317 εὔκηλος
663 269 711 307 τὰ
736 266 901 319 φράζεαι
926 265 1021 306 ἅσσ’
1047 265 1257 323 ἐθέλῃσθα.

231 338 297 375 νῦν
322 334 354 373 δ’
379 335 496 376 αἰνῶς
520 334 690 374 δείδοικα
716 335 811 373 κατὰ
836 331 963 384 φρένα
986 331 1039 383 μή
1067 349 1114 374 σε
1138 334 1307 390 παρείπῃ
1489 345 1552 377 555

230 401 474 452 ἀργυρόπεζα
499 400 618 441 Θέτις
643 399 813 451 θυγάτηρ
839 399 967 439 ἁλίοιο
993 398 1191 452 γέροντος·

229 467 337 518 ἠερίη
363 468 437 518 γὰρ
464 468 532 507 σοί
554 483 599 518 γε
623 466 810 518 παρέζετο
836 466 897 505 καὶ
922 464 1029 516 λάβε
1054 465 1219 517 γούνων·

229 534 274 589 τῇ
301 533 340 572 σ’
366 532 433 573 ὀΐω
459 535 698 573 κατανεῦσαι
724 531 912 583 ἐτήτυμον
938 532 988 574 ὡς
1015 531 1190 584 Ἀχιλῆα

230 598 409 655 τιμήσῃς,
435 598 581 655 ὀλέσῃς
607 600 649 640 δὲ
673 598 820 640 πολέας
846 599 908 639 ἐπὶ
934 598 1074 648 νηυσὶν
1101 597 1317 651 Ἀχαιῶν.”

296 666 381 716 Τὴν
405 665 438 706 δ’
465 666 785 716 ἀπαμειβόμενος
810 664 996 717 προσέφη
1023 664 1318 718 νεφεληγερέτα
1338 663 1449 706 Ζεύς·
1492 667 1557 708 560
1654 613 1670 704 U

234 735 258 750 “
275 732 465 783 δαιμονίη,
493 733 568 772 αἰεὶ
592 734 662 782 μὲν
687 731 798 778 ὀΐεαι,
827 731 915 772 οὐδέ
939 748 986 772 σε
1011 729 1133 781 λήθω·

232 796 373 850 πρῆξαι
398 798 429 838 δ’
457 798 580 849 ἔμπης
605 799 649 838 οὔ
674 816 711 839 τι
735 797 931 848 δυνήσεαι,
961 797 1051 838 ἀλλ’
1079 797 1155 838 ἀπὸ
1181 799 1302 848 θυμοῦ

231 868 386 916 μᾶλλον
413 864 497 915 ἐμοὶ
523 864 647 906 ἔσεαι·
686 865 731 905 τὸ
756 863 798 905 δέ
822 882 882 905 τοι
909 865 970 905 καὶ
994 865 1121 916 ῥίγιον
1149 864 1274 905 ἔσται.

233 933 266 973 εἰ
291 931 323 971 δ’
347 931 447 972 οὕτω
473 931 575 971 τοῦτ’
600 933 724 977 ἐστίν,
752 931 838 982 ἐμοὶ
863 931 1003 981 μέλλει
1029 932 1149 983 φίλον
1177 930 1289 971 εἶναι·

233 997 324 1038 ἀλλ’
350 997 520 1038 ἀκέουσα
546 998 707 1048 κάθησο,
735 999 812 1052 ἐμῷ
839 997 870 1038 δ’
898 999 1094 1038 ἐπιπείθεο
1121 998 1241 1051 μύθῳ,

234 1064 285 1115 μή
311 1065 356 1105 νύ
379 1081 440 1104 τοι
464 1065 508 1105 οὐ
532 1066 786 1117 χραίσμωσιν
811 1065 900 1104 ὅσοι
926 1065 1009 1104 θεοί
1031 1063 1106 1104 εἶσ’
1135 1065 1177 1104 ἐν
1201 1063 1392 1118 Ὀλύμπῳ

234 1132 363 1171 ἆσσον
389 1130 497 1177 ἰόνθ’,
525 1131 589 1172 ὅτε
616 1130 680 1171 κέν
705 1148 766 1170 τοι
791 1130 960 1172 ἀάπτους
985 1135 1119 1184 χεῖρας
1145 1129 1308 1182 ἐφείω.”

296 1196 375 1239 ὸΩς
400 1196 525 1249 ἔφατ’,
554 1198 706 1237 ἔδεισεν
732 1199 772 1238 δὲ
798 1201 951 1248 βοῶπις
976 1197 1118 1238 πότνια
1135 1195 1258 1248 ”Ηρη,

237 1265 301 1304 καί
322 1263 360 1315 ῥ’
386 1263 558 1304 ἀκέουσα
583 1265 768 1314 καθῆστο,
797 1262 1086 1315 ἐπιγνάμψασα
1112 1264 1234 1316 φίλον
1261 1264 1343 1314 κῆρ·

237 1331 425 1383 ὤχθησαν
450 1329 482 1370 δ’
507 1331 581 1371 ἀνὰ
605 1333 714 1380 δῶμα
741 1329 837 1371 Διὸς
863 1331 943 1370 θεοὶ
969 1329 1229 1382 Οὐρανίωνες·

237 1400 367 1437 τοῖσιν
392 1396 423 1436 δ’
441 1395 674 1448 “Ηφαιστος
699 1396 961 1449 κλυτοτέχνης
985 1395 1073 1449 ἦρχ’
1099 1395 1313 1449 ἀγορεύειν,

237 1464 352 1514 μητρὶ
377 1463 477 1518 φίλῃ
503 1464 567 1504 ἐπὶ
592 1461 666 1514 ἤρα
690 1462 836 1515 φέρων,
863 1462 1094 1517 λευκωλένῳ
1113 1462 1237 1518 Ἵ-Ιρῃ·
1646 1490 1659 1507 ,

241 1528 305 1578 “ἧ
331 1528 375 1579 δὴ
401 1530 535 1580 λοίγια
560 1529 655 1581 ἔργα
678 1528 761 1569 τάδ’
786 1529 952 1569 ἔσσεται
976 1528 1054 1569 οὐδ’
1081 1528 1132 1570 ἔτ’
1159 1528 1313 1576 ἀνεκτά,

240 1597 272 1636 εἶ
296 1595 341 1645 δὴ
368 1595 461 1647 σφὼ
487 1595 601 1635 ἕνεκα
626 1598 777 1645 θνητῶν
803 1596 1038 1647 ἐριδαίνετον
1063 1596 1149 1641 ὧδε,

241 1664 281 1703 ἐν
306 1663 347 1701 δὲ
373 1664 499 1701 θεοῖσι
525 1661 676 1716 κολῳὸν
700 1662 924 1702 ἐλαύνετον·
962 1661 1050 1703 οὐδέ
1075 1679 1112 1702 τι
1137 1661 1267 1703 δαιτὸς

240 1729 386 1778 ἐσθλῆς
411 1726 574 1768 ἔσσεται
598 1727 701 1778 ἦδος,
729 1729 813 1769 ἐπεὶ
838 1730 885 1768 τὰ
908 1729 1090 1781 χερείονα
1115 1733 1214 1782 νικᾷ.

240 1795 353 1846 μητρὶ
379 1793 411 1834 δ’
437 1794 514 1845 ἐγὼ
538 1793 758 1846 παράφημι,
787 1795 850 1835 καὶ
875 1794 971 1852 αὐτῇ
995 1812 1068 1847 περ
1094 1794 1275 1850 νοεούσῃ,

241 1861 356 1911 πατρὶ
383 1860 488 1914 φίλῳ
515 1861 579 1902 ἐπὶ
604 1859 678 1912 ἦρα
704 1859 841 1913 φέρειν
869 1862 949 1908 Διί,
977 1863 1083 1914 ὄφρα
1107 1861 1159 1912 μὴ
1185 1860 1277 1901 αὖτε

242 1927 430 1982 νεικείῃσι
455 1925 593 1979 πατήρ,
624 1927 698 1967 σὺν
723 1926 756 1967 δ’
782 1927 873 1978 ἡμῖν
899 1931 1011 1968 δαῖτα
1036 1926 1196 1983 ταράξῃ.
1240 1976 1245 1980 1

242 1994 279 2033 εἴ
300 2009 371 2043 περ
396 1992 471 2044 γάρ
497 1992 529 2032 κ’
555 1993 740 2049 ἐθέλῃσιν
764 1993 983 2045 Ὀλύμπιος
1008 1993 1279 2046 ἀστεροπητὴς

242 2057 288 2108 ἐξ
310 2058 429 2099 ἑδέων
454 2058 702 2112 στυφελίξαι·
741 2061 761 2099 ὁ
786 2062 860 2112 γὰρ
885 2060 986 2101 πολὺ
1013 2060 1209 2113 φέρτατός
1234 2061 1358 2100 ἐστιν·

242 2125 348 2164 ἀλλὰ
374 2124 424 2164 σὺ
448 2126 516 2166 τόν
541 2125 578 2177 γ’
604 2125 768 2166 ἐπέεσσι
796 2126 1065 2168 καθάπτεσθαι
1088 2130 1343 2178 μαλακοῖσιν·

243 2189 364 2231 αὐτίκ’
378 2190 510 2231 ’ἔπειθ’
538 2192 650 2235 ἵλαος
676 2192 896 2244 Ὀλύμπιος
921 2192 1086 2234 ἔσσεται
1109 2193 1214 2244 ἡμῖν.
1218 2191 1241 2206 ”

287 2293 350 2324 554
374 2285 444 2316 ὅττι
462 2284 602 2327 θέλῃσθα
620 2285 721 2317 Dion.
743 2285 811 2318 sid.
969 2295 1034 2326 559
1056 2290 1156 2319 πολῦς
1173 2286 1255 2319 Zen.
1273 2297 1328 2327 ap.
1346 2288 1415 2319 seh.
1437 2288 1464 2319 T
1483 2288 1570 2328 (cod.

244 2331 364 2365 πολεῖς,
385 2328 425 2358 cf.
446 2333 468 2359 B
485 2328 517 2367 4)
631 2331 696 2368 560
719 2330 781 2367 τὴν
797 2329 832 2361 δὲ
847 2328 921 2371 μέγ’
939 2329 1085 2371 ὀχθήσας
1103 2340 1131 2361 v.
1154 2330 1173 2360 l.
1191 2331 1225 2360 in
1245 2331 1277 2361 A
1387 2333 1451 2370 567
1478 2329 1571 2372 ἰόνθ’]

243 2370 329 2402 ἰόντε
346 2370 426 2400 Zen.
556 2372 690 2405 ἀέπτους
707 2372 883 2412 Aristoph.
1062 2383 1125 2411 572
1151 2374 1201 2405 ἐπὶ
1218 2373 1278 2414 ἦρα
1296 2373 1389 2405 Hdn.
1412 2374 1567 2413 Hesych.

245 2414 301 2454 (cs.
320 2418 343 2447 Ξ
363 2424 433 2454 132,
453 2413 510 2454 al.)
528 2426 535 2444 τ
560 2415 671 2457 ἐπίηρα
687 2415 746 2446 Ar.
766 2415 855 2454 vulg.
945 2429 1119 2458 τετιημενῃ
1137 2415 1216 2457 ἦτορ
1233 2427 1263 2448 ν.
1279 2416 1300 2447 1.
1318 2427 1372 2457 ap.
1392 2418 1464 2450 sch.
