1660 2802
664 129 698 164 7.
772 122 1030 160 ΙΛΙΑΔΟΣ
1076 122 1115 160 H

227 231 289 269 διὰ
313 230 385 278 μὲν
411 227 579 268 ἀσπίδος
606 225 703 277 ἦλθε
729 227 893 277 φαεινῆς
921 226 1090 276 ὄβριμον
1116 224 1247 278 ἔγχος,

228 295 287 334 καὶ
313 295 376 334 διὰ
403 294 576 345 θώρηκος
603 291 894 333 πολυδαιδάλου
920 290 1141 342 ἠρήρειστο·

226 360 382 412 ἀντικρὺ
408 362 449 400 δὲ
477 360 595 411 παραὶ
621 357 804 410 λαπάρην
830 357 997 408 διάμησε
1022 361 1171 411 χιτῶνα

226 427 357 480 ἔγχος·
396 428 415 465 6
442 425 473 465 δ’
499 427 658 475 ἐκλίνθη
687 426 749 465 καὶ
774 424 941 465 ἀλεύατο
969 426 1064 475 κῆρα
1088 423 1291 474 μέλαιναν.

225 494 278 533 τὼ
305 492 336 533 δ’
363 490 681 542 ἐκσπασσαμένω
707 490 836 544 δολίχ’
864 491 985 544 ἔγχεα
1009 490 1149 544 χερσὶν
1174 489 1239 541 ἅμ’
1265 488 1382 542 ἄμφω

227 560 299 600 σύν
323 559 362 610 ῥ’
389 559 532 599 ἔπεσον
558 559 736 598 λείουσιν
763 558 933 598 ἐοικότες
959 556 1249 609 ὠμοφάγοισιν,

224 624 247 675 ἦ
275 627 369 666 συσὶ
397 625 617 677 κάπροισιν,
646 629 723 665 τῶν
748 641 789 664 τε
817 623 958 665 σθένος
984 623 1051 663 οὐκ
1076 622 1317 664 ἀλαπαδνόν.

225 693 443 743 Πριαμίδης
469 694 540 741 μὲν
567 691 700 731 ἔπειτα
724 690 850 741 μέσον
876 689 997 731 σάκος
1022 690 1165 730 οὔτασε
1190 689 1309 741 δουρί,

225 758 303 799 οὐδ’
329 757 490 810 ἔρρηξεν
517 758 678 811 χαλκός,
708 756 967 809 ἀνεγνάμφθη
994 755 1037 796 δέ
1062 758 1098 797 οἱ
1123 754 1258 809 αἰχμή.

226 826 322 867 Αἴας
347 824 379 864 δ’
407 825 555 865 ἀσπίδα
580 823 693 874 νύξεν
720 823 953 874 ἐπάλμενος·
989 823 1012 874 ἡ
1039 824 1080 863 δὲ
1105 821 1246 875 διαπρὸ

224 890 368 941 ἤλυθεν
394 892 541 944 ἐγχείη,
571 889 789 942 στυφέλιξε
817 889 859 930 δέ
882 907 949 940 μιν
973 893 1169 940 μεμαῶτα,

224 957 372 1008 τμήδην
399 957 431 997 δ’
457 957 590 1011 αὐχέν’
617 959 776 1007 ἐπῆλθε,
803 955 929 1007 μέλαν
955 955 987 996 δ’
1013 954 1215 1006 ἀνεκήκιεν
1239 955 1344 1005 αἷμα.

226 1024 316 1064 ἀλλ’
343 1023 421 1064 οὐδ’
447 1025 498 1065 ὧς
524 1023 699 1075 ἀπέληγε
723 1022 854 1076 μάχης
883 1022 1137 1074 κορυθαίολος
1154 1020 1324 1073 ”Εκτωρ,

225 1090 316 1130 ἀλλ’
343 1089 677 1144 ἀναχασσάμενος
701 1091 815 1130 λίθον
843 1091 971 1129 εἵλετο
996 1089 1097 1142 χειρὶ
1123 1089 1268 1143 παχείῃ

227 1157 404 1207 κείμενον
430 1158 471 1196 ἐν
496 1157 627 1210 πεδίῳ,
654 1155 818 1206 μέλανα,
847 1155 995 1209 τρηχύν
1020 1171 1062 1195 τε
1086 1153 1210 1206 μέγαν
1234 1170 1290 1194 τε·

224 1227 277 1277 τῷ
302 1222 431 1273 βάλεν
456 1224 622 1263 Αἴαντος
648 1221 777 1262 δεινὸν
804 1221 927 1263 σάκος
954 1221 1192 1271 ἑπταβόειον

224 1288 380 1340 μέσσον
406 1289 669 1341 ἐπομφάλιον·
707 1287 951 1341 περιήχησεν
977 1287 1009 1327 δ’
1034 1287 1108 1338 ἄρα
1132 1287 1293 1340 χαλκός.

225 1356 402 1407 δεύτερος
429 1355 510 1395 αὖτ’
536 1357 632 1396 Αἴας
657 1354 758 1395 πολὺ
783 1355 944 1405 μείζονα
969 1356 1072 1394 λᾶαν
1099 1354 1230 1405 ἀείρας

224 1422 283 1472 ἧκ’
309 1421 548 1472 ἐπιδινήσας,
578 1420 759 1473 ἐπέρεισε
784 1423 826 1461 δὲ
850 1419 900 1460 ἶν’
928 1419 1160 1471 ἀπέλεθρον,

225 1490 320 1528 εἵσω
347 1488 378 1529 δ’
405 1488 540 1528 ἀσπίδ’
566 1486 655 1537 ἔαξε
679 1488 821 1538 βαλὼν
845 1485 1046 1537 μυλοειδέϊ
1071 1485 1213 1540 πέτρῳ,

224 1554 365 1607 βλάψε
391 1553 432 1594 δέ
457 1556 492 1594 οἱ
519 1555 619 1606 φίλα
643 1553 817 1605 γούναθ’·
857 1554 876 1592 6
901 1553 934 1593 δ’
961 1554 1095 1593 ὕπτιος
1122 1551 1361 1603 ἐξετανύσθη

225 1620 359 1661 ἀσπίδ’
385 1621 666 1674 ἐνιχριμφθείς·
704 1619 772 1660 τὸν
798 1619 829 1659 δ’
857 1619 945 1671 αἶψ’
975 1620 1162 1670 ὤρθωσεν
1187 1618 1413 1659 Ἀπόλλων.

226 1689 292 1728 καί
311 1688 358 1728 νύ
382 1705 423 1728 κε
449 1687 493 1737 δὴ
521 1686 705 1739 ξιφέεσσ’
730 1685 977 1739 αὐτοσχεδὸν
1005 1685 1227 1735 οὐτάζοντο,

225 1755 258 1794 εἰ
282 1753 333 1804 μὴ
360 1753 530 1806 κήρυκες,
561 1753 656 1794 Διὸς
681 1753 846 1805 ἄγγελοι
871 1752 939 1803 ἠδὲ
967 1753 1029 1792 καὶ
1055 1752 1218 1803 ἀνδρῶν,

224 1819 358 1869 ἦλθον,
387 1821 407 1860 6
431 1822 502 1870 μὲν
527 1820 686 1871 Τρώων,
715 1820 734 1858 6
760 1819 792 1859 δ’
818 1819 994 1872 Ἀχαιῶν
1019 1818 1340 1872 χαλκοχιτώνων,

223 1887 451 1937 Ταλθύβιός
476 1903 517 1927 τε
545 1887 605 1926 καὶ
631 1885 783 1932 Ἰδαῖος,
817 1884 1048 1936 πεπνυμένω
1075 1884 1208 1937 ἄμφω·

223 1952 361 2007 μέσσῳ
388 1952 420 1993 δ’
446 1951 680 2005 ἀμφοτέρων
707 1955 889 2005 σκῆπτρα
915 1951 1078 2005 σχέθον,
1107 1950 1193 1992 εἶπέ
1216 1967 1259 1992 τε
1282 1952 1405 2002 μῦθον

225 2018 345 2071 κῆρυξ
367 2018 518 2065 Ἰδαῖος,
548 2018 774 2070 πεπνυμένα
799 2018 923 2070 μήδεα
948 2018 1069 2060 εἰδώς·

225 2088 249 2103 “
265 2085 414 2136 μηκέτι,
441 2088 553 2126 παῖδε
581 2088 700 2138 φίλω,
730 2086 959 2136 πολεμίζετε
983 2087 1080 2135 μηδὲ
1105 2083 1323 2138 μάχεσθον·

224 2151 434 2204 ἀμφοτέρω
459 2154 534 2204 γὰρ
561 2157 671 2205 σφῶϊ
698 2156 812 2204 φιλεῖ
835 2150 1130 2203 νεφεληγερέτα
1155 2150 1265 2196 Ζεύς,

224 2218 342 2271 ἄμφω
368 2218 401 2258 δ’
427 2218 611 2272 αἰχμητά·
651 2219 697 2258 τό
720 2218 765 2270 γε
792 2218 837 2268 δὴ
865 2218 926 2258 καὶ
952 2219 1062 2268 ἵδμεν
1087 2217 1269 2257 ἅπαντες.

1484 501 1546 533 255

1485 823 1548 856 260

1488 1155 1550 1195 265

1486 1495 1551 1527 270

1488 1828 1549 1859 275

1488 2153 1551 2184 280

264 2317 414 2347 255-257
439 2307 504 2338 ath.
527 2307 607 2337 Zen.
725 2318 788 2347 259
815 2308 940 2348 χαλκός
955 2308 1013 2340 Ar.
1035 2307 1290 2346 ghTU¹3V¹0z
1317 2310 1444 2351 χαλκόν
1460 2310 1549 2350 vulg.

307 2361 371 2390 272
392 2351 499 2383 ἀσπίδ’
518 2352 733 2391 ἐνιχριμφθείς
751 2351 809 2382 Ar.
829 2362 835 2382 ε
863 2352 972 2383 ἀσπίδι
999 2354 1208 2393 ἐγχριμφθείς
1225 2353 1314 2393 vulg.

221 2405 249 2425 v.
262 2393 283 2427 1.
302 2399 371 2426 ant.
505 2404 568 2434 279
590 2394 734 2435 μάχεσθε
751 2399 776 2426 h
787 2405 809 2432 q
822 2393 863 2425 1„ss
874 2393 915 2426 L8
926 2394 984 2426 Ι,12
997 2394 1055 2426 Un
1068 2394 1127 2426 V¹4
1137 2395 1199 2426 V²2

1408 2354 1490 2396 αἶψ’]
1509 2355 1553 2395 ἂψ
