1670 2828
644 160 678 193 4.
752 152 1010 189 lAlAAOE
1053 153 1087 189 Δ

205 262 225 311 ἡ
253 260 284 300 δ’
311 259 421 310 ἀνδρὶ
448 257 556 307 ἰκέλη
582 257 730 308 Τρώων
757 254 982 295 κατεδύσεθ’
1007 254 1160 304 ὅμιλον,

209 327 392 380 Ᾱαοδόκῳ
418 324 684 378 Ἀντηνορίδῃ,
715 325 884 375 κρατερῷ
910 322 1093 377 αἰχμητῇ,

208 393 416 443 Πάνδαρον
442 391 621 431 ἀντίθεον
646 387 840 439 διζημένη,
868 389 904 428 εἴ
927 404 1000 427 που
1025 387 1197 438 ἐφεύροι.

209 460 293 511 εὗρε
319 457 518 499 Λυκάονος
541 456 625 497 υἱὸν
650 453 828 505 ἀμύμονά
852 471 894 495 τε
919 453 1105 506 κρατερόν
1129 469 1172 493 τε

210 524 377 566 ἑσταότ’·
416 524 518 575 ἀμφὶ
544 522 586 562 δέ
609 538 674 572 μιν
702 521 881 573 κρατεραὶ
907 521 1044 573 στίχες
1069 517 1305 560 ἀσπιστάων

209 596 330 637 λαῶν,
358 591 397 630 οἵ
418 592 454 630 οἱ
480 589 622 629 ἕποντο
648 587 714 628 ἀπ’
741 585 935 636 Αἰσήποιο
959 585 1099 638 ῥοάων·

211 660 336 710 ἀγχοῦ
362 656 394 696 δ’
421 654 610 706 ἱσταμένη
637 653 733 694 ἔπεα
757 654 972 705 πτερόεντα
996 652 1213 704 προσηύὸω

213 728 237 742 “
256 723 277 773 ἦ
301 723 349 775 ῥά
373 723 419 763 νύ
442 723 512 773 μοι’
532 739 568 761 τι
593 722 733 766 πίθοιο,
762 719 962 761 Λυκάονος
985 720 1043 759 υἱὲ
1067 717 1246 770 δαΐφρον.

212 791 348 840 τλαίης
375 806 439 829 κεν
465 787 659 841 Μενελάῳ
686 785 921 838 ἐπιπροέμεν
946 785 1070 838 ταχὺν
1096 785 1168 831 ἰόν,

214 860 313 896 πᾶσι
338 855 380 896 δέ
406 872 447 896 κε
471 855 658 906 Τρώεσσι
682 853 800 906 χάριν
827 852 888 892 καὶ
914 855 1024 893 κῦδος
1050 850 1170 902 ἄροιο,

213 925 255 964 ἐκ
281 922 436 963 πάντων
462 923 503 962 δὲ
527 920 704 971 μάλιστα
728 918 977 973 Ἀλεξάνδρῳ
1003 919 1187 969 βασιλῆϊ.

214 992 280 1029 τοῦ
306 1006 369 1028 κεν
395 988 440 1038 δὴ
466 987 685 1039 πάμπρωτα
710 985 800 1037 παρ’
826 986 956 1037 ἀγλαὰ
981 987 1084 1036 δῶρα
1109 982 1258 1036 φέροιο,

215 1057 256 1095 αἵ
281 1072 344 1095 κεν
370 1056 431 1110 ἴδῃ
458 1053 667 1094 Μενέλαον
693 1051 828 1104 ἀρήϊον
852 1050 1013 1102 Ἀτρέος
1035 1050 1121 1090 υἱὸν

217 1126 273 1176 σῷ
299 1121 416 1172 βέλεϊ
439 1119 635 1171 δμηθέντα
660 1121 780 1170 πυρῆς
805 1117 987 1169 ἐπιβάντ’
1015 1118 1234 1168 ἀλεγεινῆς.

217 1187 308 1228 ἀλλ’
335 1186 396 1239 ἄγ’
422 1186 632 1226 ὀΐστευσον
660 1184 867 1225 Μενελάου
895 1184 1132 1234 κυδαλίμοιο,

218 1256 330 1307 εὔχεο
356 1253 388 1293 δ’
414 1252 642 1293 Ἀπόλλωνι
667 1251 882 1303 Λυκηγενέϊ
907 1249 1125 1303 κλυτοτόξῳ

218 1322 344 1372 ἀρνῶν
369 1320 630 1370 πρωτογόνων
653 1317 780 1370 ῥέξειν
808 1316 964 1367 κλειτὴν
991 1317 1217 1366 ἑκατόμβην

1116 1381 1137 1395 55

219 1389 349 1428 οἴκαδε
373 1385 574 1436 νοστήσας
600 1387 704 1436 ἱερῆς
729 1386 782 1426 εἷς
809 1384 906 1424 ἄστυ
932 1384 1109 1432 Ζελείης.

279 1452 358 1495 ὸΩς
384 1452 476 1504 φάτ’
503 1452 701 1502 Ἀθηναίη,
730 1454 781 1504 τῷ
809 1452 849 1490 δὲ
874 1449 1022 1502 φρένας
1046 1448 1192 1501 ἄφρονι
1218 1449 1364 1489 πεῖθεν·

220 1519 339 1560 αὐτίκ’
365 1519 491 1559 ἐσύλα
515 1516 630 1568 τόξον
656 1515 790 1566 ἐύξοον
817 1515 953 1566 ἰξάλου
978 1515 1089 1567 αἰγὸς

220 1587 368 1638 ἀγρίου,
395 1586 439 1625 ὅν
463 1584 510 1636 ῥά
536 1583 621 1624 ποτ’
648 1583 761 1624 αὐτὸς
785 1582 859 1623 ὑπὸ
885 1581 1064 1633 στέρνοιο
1090 1580 1266 1634 τυχήσας

220 1651 363 1703 πέτρης
388 1651 626 1701 ἐκβαίνοντα
652 1648 881 1701 δεδεγμένος
908 1650 949 1688 ἐν
975 1651 1192 1704 προδοκῇσι

220 1717 417 1769 βεβλήκει
442 1716 538 1769 πρὸς
564 1718 720 1766 στῆθος·
761 1716 780 1754 ὁ
805 1715 837 1755 δ’
863 1716 997 1756 ὕπτιος
1023 1714 1172 1765 ἔμπεσε
1197 1712 1330 1769 πέτρῃ.

221 1788 288 1825 τοῦ
314 1783 405 1836 κέρα
430 1785 471 1823 ἐκ
498 1784 675 1835 κεφαλῆς
701 1781 1010 1833 ἑκκαιδεκάδωρα
1035 1781 1215 1833 πεφύκει·

224 1852 285 1891 καὶ
310 1852 357 1890 τὰ
381 1851 456 1900 μὲν
482 1848 664 1899 ἀσκήσας
691 1847 897 1900 κεραοξόος
922 1847 1041 1899 ἤραρε
1066 1846 1224 1892 τέκτων,

224 1920 300 1957 πᾶν
326 1916 357 1956 δ’
383 1916 424 1956 εὖ
448 1915 607 1965 λειήνας
631 1914 806 1968 χρυσέην
833 1914 998 1964 ἐπέθηκε
1023 1914 1210 1965 κορώνην.

224 1984 286 2024 καὶ
312 1983 355 2023 τὸ
379 1984 450 2033 μὲν
476 1982 516 2022 εὖ
543 1980 729 2032 κατέθηκε
754 1980 1052 2031 τανυσσάμενος
1077 1979 1166 2020 ποτὶ
1191 1979 1282 2033 γαίῃ

223 2050 426 2101 ἀγκλίνας·
465 2049 636 2099 πρόσθεν
662 2051 703 2089 δὲ
730 2047 856 2088 σάκεα
881 2045 1030 2100 σχέθον
1057 2046 1195 2085 ἐσθλοὶ
1221 2046 1378 2095 ἑταῖροι,

224 2116 274 2166 μὴ
299 2116 390 2167 πρὶν
415 2114 614 2165 ἀναΐξειαν
641 2113 769 2167 ἀρήϊοι
792 2115 872 2155 υἷες
897 2113 1084 2166 Ἀχαιῶν,

224 2182 315 2234 πρὶν
339 2183 520 2232 βλῆσθαι
547 2181 759 2222 Μενέλαον
785 2179 919 2232 ἀρήϊον
943 2177 1102 2231 Ἀτρέος
1127 2179 1223 2218 υἱόν.

225 2248 345 2300 αὐτὰρ
371 2249 390 2287 ὁ
417 2248 519 2288 σύλα
545 2252 660 2299 πῶμα
686 2245 895 2300 φαρέτρης,
925 2247 965 2285 ἐκ
991 2245 1023 2285 δ’
1051 2244 1153 2285 ἕλετ’
1180 2244 1238 2284 ἰὸν

267 2341 307 2380 87
334 2351 396 2372 om.
416 2340 444 2370 T
561 2341 603 2370 88
629 2340 697 2382 εὗρε
715 2339 750 2372 δὲ
767 2340 861 2372 τόνδε
879 2339 960 2369 Zen.
983 2336 1041 2386 pss
1059 2337 1186 2368 omisso
1202 2346 1233 2367 v.
1251 2336 1294 2374 89

228 2429 288 2458 116
312 2430 329 2460 ὁ
347 2427 446 2468 σύλα]
466 2426 567 2458 ἐσύλα
582 2427 632 2457 Ve

1491 531 1533 563 90

1496 862 1536 895 95

1479 1193 1542 1216 100

1486 1856 1547 1878 110

1491 2185 1548 2217 115

225 2383 286 2426 ἔφη
303 2387 487 2426 γλαυκῶπις
506 2382 621 2421 Ἀθήνη
639 2393 663 2421 g·
679 2384 719 2414 al.
884 2391 942 2421 115
968 2382 1068 2424 ἀρχὸν
1085 2381 1225 2421 Ἀχαιῶν
1241 2377 1323 2410 efB
1334 2377 1362 2408 C
1374 2344 1535 2407 Ίρὲὶῖφοσ
