1624 2802
574 134 610 168 9.
685 129 940 167 ΙΛΙΑΔΟΣ
993 130 1005 166 Ι

191 231 270 274 Ἲὶς
294 231 423 285 ἔφαθ’,
450 233 486 273 οἱ
512 231 544 272 δ’
570 232 644 284 ἄρα
669 236 736 272 τοῦ
761 232 869 283 μάλα
893 235 965 283 μὲν
992 234 1110 272 κλύον
1136 232 1195 283 ἠδ’
1221 235 1415 276 ἐπίθοντο.

131 301 172 340 ἐκ
197 301 238 340 δὲ
265 301 513 351 φυλακτῆρες
538 298 612 339 σὺν
635 298 819 351 τεύχεσιν
847 299 1061 339 ἐσσεύοντο
1407 307 1449 336 80

131 366 235 418 ἀμφί
256 383 299 406 τε
325 366 572 417 Νεστορίδην
598 364 878 417 Θρασυμήδεα,
906 365 1071 415 ποιμένα
1096 369 1215 412 λαῶν,

129 431 188 482 ἠδ’
213 431 312 484 ἀμφ’
337 431 602 484 Ἀσκάλαφον
627 433 690 472 καὶ
717 431 933 482 Ἰάλμενον,
960 433 1045 474 υἷας
1062 431 1222 483 ”Αρηος,

130 499 235 550 ἀμφί
256 516 297 539 τε
324 499 529 550 Μηριόνην
554 497 739 551 Ἀφαρῆά
764 515 807 538 τε
834 498 1034 551 Δηΐπυρόν
1059 515 1113 544 τε,

129 564 187 614 ἠδ’
214 564 317 617 ἀμφὶ
344 566 552 616 Κρείοντος
575 565 659 605 υἱὸν
685 564 916 616 Λυκομήδεα
941 567 1035 605 δῖον.

130 630 213 671 ἕπτ’
237 631 335 671 ἔσαν
360 631 549 683 ἡγεμόνες
576 631 777 683 φυλάκων,
806 631 945 672 ἑκατὸν
969 634 1011 671 δὲ
1036 631 1188 686 ἑκάστῳ
1407 639 1446 675 85

132 701 259 750 κοῦροι
283 697 362 748 ἅμα
388 701 550 751 στεῖχον
576 698 704 751 δολίχ’
730 699 852 751 ἔγχεα
877 699 1017 751 χερσὶν
1041 698 1214 752 ἔχοντες·

131 765 198 804 κὰδ
222 766 263 804 δὲ
287 763 413 815 μέσον
437 763 588 816 τάφρου
615 765 676 805 καὶ
700 767 852 818 τείχεος
876 765 958 814 ἷζον
983 765 1121 806 ἰόντες·

129 830 222 871 ἔνθα
246 833 288 871 δὲ
312 834 386 882 πῦρ
413 830 566 881 κήαντο,
594 833 745 871 τίθεντο
771 834 811 872 δὲ
837 833 961 884 δόρπα
985 831 1163 873 ἕκαστος.

195 896 394 949 Ἀτρεΐδης
418 900 460 938 δὲ
484 897 671 950 γέροντας
696 898 866 940 ἀολλέας
892 897 986 950 ἦγεν
1012 898 1186 951 Ἀχαιῶν

129 964 168 1006 ἐς
193 964 364 1014 κλισίην,
392 966 495 1016 παρὰ
520 964 562 1005 δέ
589 970 666 1016 σφι
691 966 789 1005 τίθει
814 964 1015 1015 μενοεικέα
1039 967 1163 1005 δαῖτα.
1407 981 1447 1010 90

129 1031 164 1070 οἱ
189 1029 221 1070 δ’
246 1029 308 1071 ἐπ”
331 1030 475 1071 ὀνείαθ’
501 1033 637 1082 ἑτοῖμα
661 1032 896 1083 προκείμενα
920 1035 1053 1084 χεῖρας
1078 1033 1231 1072 ἴαλλον.

127 1096 247 1149 αὐτὰρ
272 1097 357 1137 ἐπεὶ
382 1098 523 1138 πόσιος
550 1099 612 1138 καὶ
638 1098 797 1148 ἐδητύος
821 1096 867 1148 ἐξ
889 1097 977 1149 ἔρον
1001 1098 1101 1144 ἕντο,

127 1166 206 1205 τοῖς
231 1164 251 1202 ὁ
275 1163 402 1216 γέρων
425 1163 664 1216 πάμπρωτος
688 1165 872 1216 ὑφαίνειν
896 1163 1038 1217 ἤρχετο
1062 1166 1189 1214 μῆτιν,

128 1229 307 1282 Νέστωρ,
334 1230 378 1270 οὗ
404 1231 465 1271 καὶ
490 1231 665 1283 πρόσθεν
689 1231 828 1283 ἀρίστη
856 1231 1018 1283 φαίνετο
1043 1229 1185 1281 βουλή·

127 1296 149 1336 ὅ
173 1301 273 1349 σφιν
298 1296 519 1349 ἐϋφρονέων
545 1296 771 1350 ἀγορήσατο
798 1297 858 1337 καὶ
882 1297 1100 1348 μετέειπεν·
1404 1311 1445 1342 95

129 1364 154 1380 “
170 1361 346 1415 Ἀτρεΐδη
374 1364 543 1410 κύδιστε,
572 1363 674 1415 ἄναξ
696 1365 845 1416 ἀνδρῶν
871 1363 1133 1416 Ἀγάμεμνον,

127 1429 169 1470 ἐν
194 1430 260 1470 σοὶ
281 1432 356 1481 μὲν
381 1429 501 1481 λήξω,
531 1430 602 1471 σέο
627 1431 660 1471 δ’
685 1430 861 1483 ἄρξομαι,
890 1432 1031 1471 οὕνεκα
1055 1433 1217 1471 πολλῶν

126 1500 233 1537 λαῶν
259 1498 351 1536 ἐσσι
376 1495 477 1547 ἄναξ
500 1498 565 1537 καί
586 1514 646 1537 τοι
672 1497 770 1539 Ζεὺς
795 1495 1005 1549 ἐγγυάλιξε

128 1563 327 1615 σκῆπτρόν
352 1562 385 1602 τ’
410 1563 477 1613 ἠδὲ
504 1562 702 1614 θέμιστας,
730 1564 794 1603 ἵνα
819 1563 939 1615 σφίσι
965 1563 1231 1618 βουλεύῃσθα.

127 1632 177 1668 τῶ
204 1646 252 1669 σε
276 1629 353 1682 χρὴ
380 1629 465 1681 πέρι
489 1631 562 1680 μὲν
587 1629 742 1681 φάσθαι
768 1630 861 1671 ἔπος
886 1629 943 1679 ἠδ’
970 1630 1197 1675 ἐπακοῦσαι,
1385 1642 1445 1664 100

128 1697 288 1746 κρηῆναι
313 1698 354 1736 δὲ
380 1697 442 1736 καὶ
468 1695 591 1750 ἄλλῳ,
621 1695 676 1736 ὅτ’
703 1695 749 1736 ἄν
775 1713 861 1736 τινα
887 1694 1005 1746 θυμὸς
1030 1695 1162 1750 ἀνώγῃ

127 1762 250 1802 εἰπεῖν
276 1763 330 1803 εἰς
355 1762 517 1814 ἀγαθόν·
557 1761 628 1803 σέο
654 1762 686 1801 δ’
713 1762 841 1813 ἕξεται
867 1761 948 1802 ὅττι
975 1778 1037 1801 κεν
1063 1761 1176 1817 ἄρχῃ.

127 1827 244 1880 αὐτὰρ
271 1828 371 1880 ἐγὼν
397 1828 492 1881 ἐρέω
518 1829 570 1871 ὥς
594 1846 660 1879 μοι
684 1832 790 1870 δοκεῖ
813 1828 913 1869 εἶναι
937 1828 1089 1880 ἄριστα.

127 1893 171 1933 οὐ
194 1893 268 1947 γάρ
293 1911 352 1937 τις
376 1896 466 1936 νόον
492 1895 614 1937 ἄλλος
640 1897 827 1947 ἀμείνονα
852 1897 963 1935 τοῦδε
988 1893 1136 1944 νοήσει,

127 1960 210 2000 οἷον
235 1961 311 2013 ἐγὼ
335 1961 446 2009 νοέω,
473 1962 571 2013 ἠμὲν
597 1962 721 2003 πάλαι
745 1962 804 2012 ἠδ’
831 1962 887 2002 ἔτι
914 1961 976 2001 καὶ
1001 1964 1080 2007 νῦν,
1383 1972 1442 2001 105

127 2025 172 2076 ἐξ
193 2026 252 2067 ἔτι
275 2031 343 2068 τοῦ
367 2029 444 2075 ὅτε,
472 2028 658 2081 διογενές,
688 2028 880 2080 Βρισηΐδα
906 2016 1046 2079 κούρην

126 2092 328 2145 χωομένου
352 2093 541 2148 Ἀχιλῆος
566 2095 663 2146 ἔβης
691 2096 893 2145 κλισίηθεν
920 2094 1090 2145 ἀπούρας

128 2158 171 2198 οὔ
195 2175 233 2199 τι
258 2159 341 2200 καθ’
365 2160 554 2212 ἡμέτερόν
578 2178 624 2213 γε
650 2162 752 2202 νόον·
790 2160 898 2211 μάλα
923 2159 996 2212 γάρ
1021 2176 1081 2199 ΤΟί
1106 2158 1231 2210 ἔγωγε

168 2256 210 2286 88
233 2258 332 2298 δόρπα
348 2256 406 2287 Ar.
424 2256 575 2288 chM¹⁰t
599 2257 716 2299 δόρπον
733 2257 821 2297 vulg.
842 2269 848 2287 τ
876 2260 970 2289 δαῖτα
995 2255 1068 2287 Lm:
1095 2259 1187 2288 δαῖτα
1211 2256 1340 2288 θάλειαν
1365 2256 1444 2285 Zen.

211 2299 342 2332 ἕκαστοι
358 2310 378 2331 c
390 2300 481 2331 hV¹²
492 2300 573 2331 Vffi:
598 2307 630 2331 et
648 2302 696 2332 sic
714 2301 789 2331 fort.
809 2300 867 2330 Ar.
956 2301 999 2338 89
1023 2299 1170 2339 ἀριστέας
1183 2299 1241 2330 ΑΓ,
1255 2303 1310 2329 ch.
1323 2297 1381 2328 V³²

129 2350 187 2380 104
212 2343 314 2375 ἄλλον
333 2343 431 2374 Dion.
452 2343 528 2374 Hal.
547 2344 629 2374 rhet.
644 2345 673 2374 8.
689 2355 736 2381 14,
752 2348 796 2374 ei
808 2349 831 2375 k
844 2354 864 2374 ο
877 2342 907 2372 Λ
924 2353 1026 2380 marg.
1044 2343 1071 2373 C
1087 2340 1131 2372 Ν4
1223 2344 1282 2373 106
1305 2340 1444 2381 διογενές

125 2395 148 2421 p
160 2385 185 2415 C
199 2384 241 2416 L⁵
253 2385 294 2416 L⁷
307 2385 348 2416 [Β
362 2385 403 2417 L⁰
418 2385 504 2417 M4T
519 2386 560 2417 U1
577 2386 623 2417 U3
639 2387 679 2418 al.
700 2387 814 2418 Eust.:
839 2389 1000 2427 διογενεῦς
1019 2386 1114 2426 (-εὺς>
1132 2385 1219 2424 vulg.

211 2449 298 2472 ΗοΜ.
318 2449 362 2471 ιι.
1276 2440 1313 2469 12
