1624 2802
536 162 571 196 5.
649 157 903 193 ΙΛΙΑΔΟΣ
952 156 981 192 Ε

100 261 226 302 λευκοὶ
251 261 391 311 ὕπερθε
418 259 580 311 γένοντο
607 259 816 313 κονισάλῳ,
843 259 887 299 ὅν
911 260 959 310 ῥα
983 258 1031 298 δι’
1058 258 1183 298 αὐτῶν

98 325 258 379 οὐρανὸν
285 327 323 367 ἐς
347 326 602 378 πολύχαλκον
628 325 851 377 ἐπέπληγον
877 326 993 366 πόδες
1018 325 1158 370 ἵππων,

97 393 157 444 ἂψ
181 392 511 444 ἐπιμισγομένων·
549 391 623 432 ὑπὸ
648 391 680 432 δ’
706 395 903 443 ἔστρεφον
928 391 1124 443 ἡνιοχῆες.
1351 404 1414 434 505

97 461 132 500 οἱ
156 461 197 499 δὲ
221 458 336 509 μένος
359 462 502 512 χειρῶν
528 459 610 500 ἰθὺς
634 457 769 511 φέρον·
808 459 908 510 ἀμφὶ
934 459 975 498 δὲ
1003 457 1120 497 νύκτα

99 528 232 577 θοῦρος
250 524 373 578 ’Ἄρης
399 525 573 577 ἐκάλυψε
598 524 705 580 μάχῃ
730 525 940 577 Τρώεσσιν
968 523 1137 576 ἀρήγων,

97 591 259 633 πάντοσ’
285 591 554 644 ἐποιχόμενος·
592 595 659 631 τοῦ
683 590 716 631 δ’
742 592 958 643 ἐκραίαινεν
986 592 1159 642 ἐφετμὰς

97 659 247 709 Φοίβου
272 657 527 700 Ἀπόλλωνος
551 658 788 710 χρυσαόρου,
815 658 857 699 ὅς
881 675 946 708 μιν
973 657 1116 709 ἀνώγει

95 725 251 776 Τρωσὶν
276 724 396 775 θυμὸν
419 726 579 776 ἐγεῖραι,
607 725 692 765 ἐπεὶ
716 726 773 765 ἴδε
800 723 982 764 Παλλάδ’
1010 722 1182 773 Ἀθήνην
1355 736 1416 765 510

96 790 316 844 οἰχομένην·
354 791 376 841 ἡ
402 791 476 843 γάρ
500 791 548 842 ῥα
573 790 694 831 πέλεν
722 795 943 831 Δαναοῖσιν
969 791 1138 842 ἀρηγών.

95 857 208 899 αὐτὸς
234 857 266 897 δ’
291 858 450 898 Αἰνείαν
474 857 582 908 μάλα
606 859 740 899 πίονος
766 856 811 907 ἐξ
832 857 987 897 ἀδύτοιο

94 924 174 974 ἧκε,
203 924 264 964 καὶ
289 925 331 964 ἐν
357 923 551 974 στήθεσσι
576 924 691 975 μένος
715 924 820 974 βάλε
845 924 998 975 ποιμένι
1025 927 1145 963 λαῶν.

96 991 250 1031 Αἰνείας
275 989 307 1030 δ’
333 990 509 1042 ἑτάροισι
532 992 758 1041 μεθίστατο·
798 992 856 1031 τοὶ
881 990 913 1030 δ’
940 989 1156 1043 ἐχάρησαν,

95 1056 144 1098 ὡς
169 1056 270 1097 εἶδον
297 1057 393 1106 ζωόν
417 1074 459 1097 τε
485 1057 546 1097 καὶ
572 1056 739 1108 ἀρτεμέα
764 1058 980 1109 προσιόντα
1359 1069 1414 1099 515

96 1123 155 1162 καὶ
178 1122 293 1173 μένος
319 1123 466 1163 ἐσθλὸν
492 1124 648 1176 ἔχοντα·
684 1123 942 1174 μετάλλησάν
968 1140 1013 1175 γε
1036 1125 1106 1173 μὲν
1133 1122 1177 1162 οὔ
1201 1139 1249 1163 τι.

94 1190 137 1230 οὐ
161 1191 235 1241 γὰρ
260 1189 304 1230 ἔα
330 1191 446 1231 πόνος
471 1189 606 1235 ἄλλος,
633 1190 678 1230 ὃν
709 1189 969 1242 ἀργυρότοξος
996 1190 1146 1241 ἔγειρεν

737 1256 745 1269 Ὶ

91 1254 208 1307 ’Άρης
232 1273 274 1296 τε
298 1256 558 1309 βροτολοιγὸς
577 1255 689 1308 ’Έρις
713 1273 735 1296 τ
772 1256 916 1307 ἄμοτον
941 1260 1120 1306 μεμαυῖα.

158 1321 258 1363 Τοὺς
283 1322 314 1362 δ’
340 1324 483 1363 Αἴαντε
509 1323 584 1362 δύω
612 1323 673 1362 καὶ
699 1323 919 1364 Ὀδυσσεὺς
948 1324 1008 1362 καὶ
1037 1320 1236 1372 Διομήδης

95 1388 261 1440 ὤτρυνον
288 1389 469 1431 Δαναοὺς
494 1389 766 1440 πολεμιζέμεν·
805 1392 840 1430 οἱ
866 1391 907 1429 δὲ
936 1390 997 1429 καὶ
1023 1388 1131 1428 αὐτοὶ
1353 1401 1414 1429 520

93 1455 179 1495 οὔτε
203 1456 296 1505 βίας
319 1456 466 1508 Τρώων
491 1457 742 1496 ὑπεδείδισαν
767 1457 855 1496 οὔτε
883 1456 1010 1501 ἰωκάς,

93 1521 182 1561 ἀλλ’
207 1522 345 1572 ἔμενον
370 1522 589 1577 νεφέλῃσιν
615 1523 795 1567 ἐοικότες,
824 1522 867 1563 ἇς
892 1539 934 1562 τε
962 1522 1137 1573 Κρονίων

93 1588 273 1638 νηνεμίης
299 1588 470 1638 ἔστησεν
496 1588 557 1629 ἐπ’
582 1589 865 1641 ἀκροπόλοισιν
892 1590 1056 1640 ὄρεσσιν

92 1653 270 1705 ἀτρέμας,
297 1655 387 1706 ὄφρ’
415 1656 550 1710 εὕδῃσι
574 1654 690 1705 μένος
717 1654 864 1706 Βορέαο
892 1655 953 1694 καὶ
979 1654 1113 1694 ἀλλων

95 1720 270 1772 ζαχρηῶν
295 1720 460 1771 ἀνέμων,
488 1722 528 1761 οἵ
549 1739 591 1762 τε
616 1721 739 1773 νέφεα
766 1722 948 1761 σκιόεντα
1352 1733 1413 1762 525

93 1788 274 1842 πνοιῇσιν
298 1788 482 1843 λιγυρῇσι
506 1791 780 1828 διασκιδνᾶσιν
807 1787 952 1829 ἀέντες·

93 1852 142 1894 ὣς
169 1855 319 1894 Δαναοὶ
343 1857 481 1905 Τρῶας
505 1854 623 1905 μένον
650 1855 818 1904 ἔμπεδον
845 1854 923 1893 οὐδ’
954 1853 1165 1906 ἐφέβοντο.

92 1918 289 1970 Ἀτρείδης
315 1920 346 1959 δ’
372 1920 430 1960 ἀν’
456 1921 594 1970 ὅμιλον
620 1922 761 1973 ἐφοίτα
788 1922 920 1960 πολλὰ
949 1921 1128 1961 κελεύων·

95 1987 117 2001 “
135 1983 164 2025 ὦ
189 1987 313 2037 φίλοι,
341 1986 474 2038 ἀνέρες
500 1987 592 2027 ἕστε
620 1988 680 2027 καὶ
707 1987 873 2037 ἄλκιμον
898 1986 990 2039 ἦτορ
1019 1987 1172 2031 ἕλεσθε,

93 2050 291 2101 ἀλλήλους
315 2052 348 2092 τ’
373 2054 547 2094 αἰδεῖσθε
574 2055 669 2093 κατὰ
697 2055 883 2105 κρατερὰς
908 2054 1087 2103 ὑσμίνας·
1350 2064 1413 2093 530

93 2118 304 2168 αἰδομένων
329 2120 478 2170 ἀνδρῶν
505 2119 669 2160 πλέονες
695 2121 782 2159 σόοι
808 2119 852 2169 ἠὲ
878 2118 1087 2171 πέφανται·

93 2185 318 2235 φευγόντων
343 2185 374 2224 δ’
401 2186 480 2225 οὔτ’
507 2185 553 2237 ἂρ
581 2185 694 2227 κλέος
720 2188 874 2237 ὄρνυται
900 2184 990 2225 οὔτέ
1015 2202 1072 2226 τις
1097 2182 1236 2233 ἀλκή.”

151 2248 222 2296 ἿΙ,
250 2252 312 2291 καὶ
337 2252 520 2292 ἀκόντισε
545 2252 650 2303 δουρὶ
677 2255 788 2298 θοῶς,
815 2251 921 2302 βάλε
945 2253 985 2291 δὲ
1011 2251 1159 2302 πρόμον
1185 2249 1318 2300 ἄνδρα,

138 2349 196 2378 511
224 2341 340 2382 ἆρηγός
359 2340 415 2372 OC
428 2342 583 2372 U5V1V4
733 2352 798 2382 520
823 2345 850 2375 οἱ
868 2342 919 2384 δὲ]
938 2342 994 2380 ἠδὲ
1010 2353 1033 2380 p
1050 2342 1104 2372 1⁴²⁰
1118 2343 1226 2372 M⁸M⁰
1240 2343 1341 2373 M¹3T
1358 2343 1414 2374 U¹⁰

95 2381 152 2411 V¹-·
254 2393 316 2422 527
342 2395 407 2415 om.
421 2384 494 2433 pss,
586 2396 649 2425 530
672 2386 745 2427 ]νης
755 2385 815 2435 12⁴¹
929 2396 988 2426 531
1016 2385 1187 2426 αἰδομένων
1204 2386 1230 2419 δ’
1247 2386 1336 2427 vulg.
1356 2399 1362 2418 :
1386 2388 1413 2419 δ’

96 2435 158 2456 om.
179 2425 236 2457 Ar.
257 2426 419 2458 11L¹⁴V¹2
436 2428 517 2460 V20:
541 2430 570 2461 τ’
590 2430 685 2461 Eust.
