1670 2828
654 183 688 216 2.
763 171 1019 212 IAIAAOE
1068 170 1097 206 B

209 304 329 340 αρχευ
369 284 587 364 ’λ’ργείοισι
613 280 709 318 κατὰ
736 275 918 326 κρατερὰς
948 272 1128 321 ὑσμίνας,
1479 277 1538 309 345

210 354 352 394 τούσδε
377 350 409 390 δ’
436 350 481 389 ἔα
506 345 718 399 φθινύθειν,
747 342 815 382 ἕια
841 339 903 379 καὶ
931 337 1009 382 δύο,
1042 337 1104 376 τοί
1128 351 1193 374 κεν
1219 333 1395 386 Ἀχαιῶν

211 421 357 471 νόσφιι
383 412 601 467 3ουλεύωσ’
604 409 798 449 -άιισις
824 405 903 446 δὀ
884 404 950 444 οὐκ
978 403 1145 443 ἔσσεται
1174 400 1359 440 αὐτῶν-

213 487 302 538 πρὶν
323 480 511 534 Αργοσδ’
539 481 567 518 ἱε
575 495 648 522 ναι,
678 475 765 526 πρὶι
794 474 854 512 καὶ
881 470 976 511 Διὸς
1005 468 1201 521 αἰγιόχοιο

214 552 411 604 γνώμεναι
436 549 470 588 εἴ
493 562 533 585 τε
558 546 705 596 ψεῦδος
730 540 963 591 ὑπόσχεσις,
996 537 1032 576 εἴ
1054 552 1095 575 τε
1123 534 1184 574 καὶ
1212 531 1307 572 οὐκί.

215 619 314 697 φημι
340 617 413 667 γὰρ
439 629 504 652 ουν
531 611 766 651 κατανεῦσαι
789 601 1008 656 ὑπερμενέα
1036 602 1241 654 Κρονίωνα
1482 608 1545 640 350

215 683 332 735 ἤματι
357 684 408 734 τῷ
434 680 502 718 ὅτε
526 691 664 726 νηυσιν
689 675 730 714 ἐν
756 671 1019 722 ὠκυπόροισιν
1046 669 1209 719 ἔβαινον

217 750 391 800 Ἀργεῖοι
414 744 601 796 Τρώεσσι
627 741 750 792 φόνον
777 738 839 777 καὶ
868 752 966 788 κηρα
991 734 1193 788 φέροντες·

220 813 453 865 ἀστράπτων
479 807 652 858 ἐπιδέξι’,
680 806 865 855 ἐναίσιμα
892 818 1051 854 σηματα
1077 801 1243 852 φαίνων.

220 884 272 921 τῶ
297 878 347 931 μή
373 894 429 918 τις
455 876 544 927 πρὶν
572 871 792 925 ἐπειγέσθω
814 870 966 910 οἶκόνδε
992 865 1165 911 νέεσθαι,

221 947 311 998 πρίν
335 961 421 985 τινα
446 944 521 993 πὰρ
546 940 693 991 Τρώων
719 937 854 991 ἀλόχῳ
882 934 1229 985 κατακοιμηθῆναι,
1492 940 1552 972 355

223 1013 432 1053 τείσασθαι
458 1008 489 1048 δ’
514 1004 682 1056 Ἑλένης
709 1002 914 1057 ὁρμήματά
938 1018 981 1041 τε
1011 998 1209 1052 στοναχάς
1233 1014 1287 1038 τε.

225 1081 256 1119 εἰ
283 1078 323 1118 δέ
348 1094 405 1118 τις
430 1074 637 1125 ἐκπάγλως
662 1071 792 1112 ἐθέλει
817 1069 966 1109 οἶκόνδε
996 1065 1168 1111 νέεσθαι,

226 1144 409 1185 ἁπτέσθω
436 1141 478 1192 ἧς
504 1140 594 1190 νηὸς
618 1136 858 1188 ἐϋσσέλμοιο
883 1136 1086 1186 μελαίνης,

228 1214 332 1263 ὄφρα
357 1207 497 1260 πρόσθ’
524 1206 658 1246 ἄλλων
685 1204 854 1244 θάνατοι·
882 1202 942 1241 καὶ
970 1201 1120 1250 πότμον
1148 1199 1308 1253 ἐπίσπῃ.

229 1277 344 1321 ἀλλά,
373 1274 481 1324 ἄναξ,
509 1273 625 1314 αὐτός
650 1271 681 1310 τ’
710 1271 749 1310 εὖ
775 1269 895 1320 μήδεο
922 1267 1057 1308 πείθεό
1081 1265 1113 1304 τ’
1141 1264 1265 1318 ἄλλῳ·
1497 1264 1557 1304 360

230 1345 273 1383 οὔ
298 1359 356 1382 τοι
382 1342 613 1391 ἀπόβλητον
640 1339 732 1378 ἔπος
760 1336 937 1380 ἔσσεται,
968 1335 1050 1373 ὅττι
1078 1349 1142 1372 κεν
1169 1332 1276 1370 εἵπω·

232 1409 326 1461 κρῖν’
352 1408 492 1458 ἄνδρας
519 1406 614 1444 κατὰ
640 1407 760 1455 φῦλα,
791 1403 887 1442 κατὰ
915 1399 1104 1452 φρήτρας,
1132 1396 1396 1448 Ἀγάμεμνον,

234 1477 283 1517 ὡς
309 1473 458 1526 φρήτρη
485 1471 712 1524 φρήτρηφιν
740 1467 878 1524 ἀρήγῃ,
908 1470 1017 1518 φῦλα
1042 1467 1083 1505 δὲ
1111 1464 1266 1516 φύλοις.

235 1543 267 1582 εἰ
293 1540 334 1581 δέ
360 1557 422 1580 κεν
449 1540 497 1580 ὣς
525 1537 637 1592 ερξῃς
666 1537 730 1576 καί
753 1552 814 1575 τοι
840 1530 1084 1573 πείθωνται’
1089 1531 1244 1583 Αχαιοί,

236 1625 284 1661 γι
288 1624 371 1662 ωση
398 1604 516 1646 ἔπειθ
546 1606 586 1646 ὅς
614 1603 646 1642 θ’
676 1619 824 1654 ηχεμοι
828 1617 881 1641 ων
909 1599 1024 1640 κακὸς
1050 1599 1092 1640 ὅς
1117 1596 1159 1637 τέ
1185 1613 1229 1636 νυ
1254 1597 1362 1635 λαῶν
1502 1593 1560 1635 365

237 1674 294 1724 ἠδ’
321 1674 362 1714 ὅς
390 1672 420 1711 κ’
447 1671 590 1712 ἐσθλὸς
616 1670 716 1725 ἔησι·
757 1684 854 1708 κατα
881 1665 1011 1718 σφέας
1034 1666 1109 1743 γὰρ
1134 1660 1364 1715 μαχέονται·

239 1741 412 1793 γνώσεαι
437 1737 528 1777 δἐἰ
555 1738 616 1776 καὶ
644 1735 840 1789 θεσπεσίη
866 1733 984 1774 πόλιν
1010 1731 1077 1771 οὐκ
1103 1727 1331 1778 ἀλαπάξεις,

240 1806 263 1856 ἦ
289 1807 438 1856 ἀνδρῶν
465 1804 646 1852 κακότητι
673 1802 735 1841 καὶ
761 1801 935 1855 ἀφραδίῃ
961 1795 1189 1848 πολέμοιο.”

307 1871 388 1910 Τὸν
414 1870 444 1910 δ’
472 1869 793 1919 ἀπαμειβόμενος
818 1863 1002 1919 προσέφη
1032 1864 1170 1916 κρείων
1193 1857 1466 1913 Ἀγαμέμνων·

246 1936 310 1987 “ἦ
335 1939 412 1987 μὰν
437 1935 517 1975 αὖτ’
544 1937 667 1991 ἀγορῇ
694 1939 815 1989 νικᾷς,
842 1931 970 1985 γέρον,
998 1931 1082 1972 υἷας
1107 1929 1295 1980 Ἀχαιῶν.
1509 1934 1569 1965 370

245 2004 284 2044 αἲ
309 2005 384 2055 γὰρ
412 2005 488 2042 Ζεῦ
513 2019 554 2041 τε
580 2001 701 2053 πάτερ
729 2000 791 2040 καὶ
817 1999 1007 2049 Ἀθηναίη
1036 1997 1098 2036 καὶ
1115 1994 1325 2034 ”Απολλον

246 2073 414 2110 τοιοῦτοι
439 2066 530 2107 δέκα
555 2084 621 2117 μοι
647 2066 953 2119 συμφράδμονες
979 2063 1055 2103 εἶεν
1079 2061 1265 2113 Ἀχαιῶν·

247 2140 298 2176 τῶ
326 2151 368 2175 κε
391 2133 481 2186 τάχ’
504 2134 670 2183 ἠμύσειε
694 2134 810 2175 πόλις
838 2130 1034 2183 Πριάμοιο
1059 2128 1224 2168 ἄνακτος

249 2202 390 2254 χερσὶν
413 2199 481 2251 ὑφ’
506 2199 741 2254 ἡμετέρῃσιν
767 2196 920 2238 ἁλοῦσά
943 2213 987 2236 τε
1011 2192 1230 2246 περθομένη
1254 2207 1308 2231 τε.

251 2267 357 2308 ἀλλά
382 2284 447 2318 μοι
473 2267 651 2318 αἰγίοχος
678 2266 871 2317 Κρονίδης
895 2262 994 2304 Ζεὺς
1019 2259 1129 2312 ἄλγε’
1156 2260 1312 2302 ἔδωκεν,
1513 2264 1572 2297 375

295 2369 358 2398 345
382 2357 512 2398 κατὰ]
500 2358 557 2389 au&
574 2357 626 2387 cit.
650 2356 737 2387 Plut.
756 2356 813 2386 vit.
836 2355 935 2385 Hom.
957 2364 986 2384 2.
1007 2363 1059 2392 57
1066 2350 1124 2408 12⁰2
1116 2350 1136 2370 ’¹³
1233 2358 1296 2388 347
1321 2345 1498 2384 βουλεύωσ’
1515 2344 1573 2374 Ar.

254 2415 272 2433 x
277 2403 366 2442 ulg.:
391 2400 592 2439 βουλεύσωσ’
610 2409 634 2436 g
651 2398 704 2429 V'¹
684 2410 689 2428 1
717 2399 759 2429 al.
881 2407 945 2437 349
968 2397 1006 2435 ἠὲ
1023 2397 1075 2428 καὶ
1093 2394 1162 2426 οὐκί
1178 2392 1228 2424 Ve
1345 2398 1407 2429 351
1435 2390 1470 2420 ἐν
1484 2385 1606 2418 hlA.

254 2446 319 2477 al..
345 2446 394 2477 ἐπ’
412 2444 501 2482 vulg.
617 2452 678 2481 355
702 2445 762 2481 πὰρ
780 2443 894 2473 codd..
921 2454 980 2481 περ
995 2439 1054 2470 Ar.
1080 2440 1117 2479 3)
1230 2436 1291 2474 367
1319 2433 1392 2474 εῖ]ἢ
1410 2430 1547 2463 Bekker
