1660 2802
641 124 676 157 9.
753 118 1010 155 [AIAAOE
1060 118 1076 154 l

197 221 342 263 ἕλθωσ’
370 224 408 264 ἐς
435 223 592 271 κλισίην
619 221 858 271 Πηληϊάδεω
882 220 1086 274 Ἀχιλῆος.

197 291 229 329 εἰ
254 288 286 328 δ’
314 288 397 340 ἄγε,
426 288 515 330 τοὺς
540 287 587 328 ἂν
614 288 691 339 ἐγὼ
719 288 950 339 ἐπιόψομαι,
978 289 1013 327 οἱ
1039 289 1080 328 δὲ
1105 286 1319 329 πιθέσθων.

197 353 340 405 Φοῖνιξ
360 357 433 405 μὲν
459 354 662 406 πρώτιστα
689 354 759 394 Διῒ
783 355 903 406 φίλος
926 352 1160 406 ἡγησάσθω,

196 422 315 473 αὐτὰρ
341 421 461 461 ἔπειτ’
490 422 586 462 Αἴας
612 438 653 461 τε
677 420 800 472 μέγας
828 422 889 460 καὶ
915 423 995 462 δῖος
1019 420 1254 462 Ὀδυσσεύς·

199 488 371 539 κηρύκων
397 487 428 527 δ’
456 487 587 528 Ὀδίος
613 504 655 527 τε
682 487 744 527 καὶ
771 485 1004 539 Εὐρυβάτης
1028 486 1093 537 ἅμ’
1119 486 1311 527 ἑπέσθων.
1463 499 1523 530 170

198 554 318 606 φέρτε
343 556 383 594 δὲ
406 555 549 607 χερσὶν
574 554 688 605 ὕδωρ,
719 553 949 606 εὐφημῆσαί
969 571 1012 594 τε
1038 553 1216 600 κέλεσθε,

198 622 304 672 ὄφρα
331 622 397 660 Διὶ
425 621 592 676 Κρονίδῃ
621 619 848 672 ἀρησόμεθ’,
876 622 916 660 αἵ
941 620 972 660 κ’
1000 619 1189 676 ἐλεήσῃ.”

259 685 338 728 “525
365 686 481 739 φάτο,
509 691 615 727 τοῖσι
642 689 682 727 δὲ
709 689 833 727 πᾶσιν
860 687 1000 727 ἑαδότα
1025 689 1149 737 μῦθον
1173 687 1316 727 ἔειπεν.

199 754 335 794 αὐτίκα
361 753 521 805 κήρυκες
546 755 617 803 μὲν
642 754 745 804 ὕδωρ
771 754 835 794 ἐπὶ
861 757 997 807 χεῖρας
1022 753 1175 806 ἔχευαν,

200 824 328 871 κοῦροι
353 822 393 860 δὲ
420 822 609 871 κρητῆρας
637 819 916 872 ἐπεστέψαντο
941 823 1088 865 ποτοῖο,
1464 832 1524 862 Ῑ75

200 888 387 938 νώμησαν
412 886 444 926 δ’
469 886 543 937 ἄρα
570 889 694 927 πᾶσιν
722 885 984 938 ἐπαρξάμενοι
1008 886 1239 927 δεπάεσσιν.

199 954 318 1005 αὐτὰρ
345 954 428 993 ἐπεὶ
455 952 628 993 σπεῖσάν
654 953 687 992 τ’
716 953 826 994 ἔπιόν
852 952 884 993 θ’
910 955 1007 994 ὅσον
1032 952 1150 1003 ἤθελε
1175 953 1306 1003 θυμός,

200 1019 373 1072 ὡρμῶντ’
401 1021 441 1059 ἐκ
469 1021 625 1069 κλισίης
654 1019 951 1071 Ἀγαμέμνονος
976 1019 1191 1071 Ἀτρεΐδαο.

199 1090 303 1126 τοῖσι
328 1089 369 1127 δὲ
394 1086 511 1126 πόλλ’
537 1085 729 1126 ἐπέτελλε
757 1085 940 1138 Γερήνιος
966 1087 1111 1126 ἱππότα
1136 1084 1319 1138 Νέστωρ,

199 1154 416 1193 δενδίλλων
441 1154 480 1194 ἐς
506 1153 688 1198 ἕκαστον,
718 1152 917 1203 Ὀδυσσῆϊ
942 1155 982 1192 δὲ
1006 1152 1194 1202 μάλιστα,
1468 1156 1527 1187 180

200 1222 337 1271 πειρᾶν
363 1219 414 1261 ὡς
438 1220 641 1259 πεπίθοιεν
670 1219 848 1269 ἀμύμονα
875 1218 1099 1269 Πηλεΐωνα.

265 1287 332 1326 Τὼ
357 1288 398 1326 δὲ
422 1284 552 1336 βάτην
578 1287 682 1337 παρὰ
709 1288 799 1326 θῖνα
823 1286 1151 1338 πολυφλοίσβοιο
1176 1283 1389 1335 θαλάσσης

200 1354 331 1392 πολλὰ
354 1351 447 1403 μάλ’
474 1351 673 1405 εὐχομένω
701 1352 877 1406 γαιηόχῳ
904 1352 1138 1406 ἐννοσιγαίῳ

200 1421 355 1470 ῥηϊδίως
380 1421 558 1459 πεπιθεῖν
583 1418 762 1470 μεγάλας
790 1417 939 1471 φρένας
964 1418 1166 1458 Αἰακίδαο.

202 1486 463 1537 Μυρμιδόνων
488 1485 519 1526 δ’
546 1486 613 1525 ἐπί
634 1502 676 1526 τε
704 1486 864 1526 κλισίας
890 1485 952 1525 καὶ
977 1487 1072 1535 νῆας
1098 1484 1272 1534 ἱκέσθην,
1467 1488 1526 1525 185

200 1551 268 1593 τὸν
293 1551 325 1592 δ’
351 1552 461 1603 εὗρον
488 1551 615 1604 φρένα
639 1552 883 1603 τερπόμενον
909 1551 1102 1603 φόρμιγγι
1125 1551 1268 1607 λιγείῃ,

202 1624 302 1676 καλῇ
328 1618 527 1674 δαιδαλέῃ,
556 1619 618 1658 ἐπὶ
645 1618 676 1658 δ’
705 1618 897 1670 ἀργύρεον
925 1617 1038 1669 ζυγὸν
1064 1617 1143 1667 ἦεν,

199 1684 270 1735 τὴν
295 1684 398 1737 ἄρετ’
423 1684 470 1735 ἐξ
493 1684 642 1736 ἐνάρων
670 1686 789 1726 πόλιν
815 1684 1030 1726 Ἠετίωνος
1055 1683 1244 1726 ὀλέσσας·

200 1758 247 1808 τῇ
273 1753 294 1791 ὅ
320 1769 365 1803 γε
391 1751 511 1802 θυμὸν
538 1752 713 1803 ἔτερπεν,
744 1751 847 1792 ἄειδε
874 1751 906 1791 δ’
934 1751 1008 1803 ἄρα
1035 1750 1130 1791 κλέα
1156 1751 1317 1803 ἀνδρῶν.

204 1817 434 1870 Πάτροκλος
459 1818 501 1858 δέ
526 1819 561 1858 οἱ
586 1818 667 1860 οἶος
695 1820 872 1860 ἐναντίος
897 1818 997 1868 ἧστο
1024 1823 1167 1874 σιωπῇ,
1468 1830 1528 1860 190

202 1884 388 1937 δέγμενος
414 1885 614 1935 Αἰακίδην,
644 1886 765 1926 ὁπότε
791 1884 947 1935 λήξειεν
973 1885 1124 1925 ἀείδων.

202 1952 254 1991 τὼ
279 1953 320 1992 δὲ
347 1950 476 2002 βάτην
501 1951 689 2003 προτέρω,
718 1952 853 2004 ἡγεῖτο
879 1954 920 1992 δὲ
945 1955 1026 1993 δῖος
1052 1950 1287 1996 Ὀδυσσεύς,

203 2019 302 2058 στὰν
327 2019 368 2058 δὲ
394 2017 536 2069 πρόσθ’
563 2018 707 2059 αὐτοῖο·
747 2019 886 2071 ταφὼν
914 2017 946 2059 δ’
974 2018 1189 2069 ἀνόρουσεν
1215 2015 1428 2070 Ἀχιλλεὺς

202 2085 298 2141 αὐτῇ
325 2083 398 2124 σὺν
424 2085 627 2137 φόρμιγγι,
657 2085 786 2126 λιπὼν
814 2086 899 2127 ἕδος
926 2085 1020 2126 ἔνθα
1046 2084 1236 2125 θάασσεν.

203 2152 253 2193 ὣς
280 2150 311 2191 δ’
338 2151 462 2193 αὔτως
489 2150 733 2204 Πάτροκλος,
765 2153 849 2193 ἐπεὶ
875 2154 932 2193 ’ίδε
959 2156 1105 2204 φῶτας,
1134 2150 1293 2200 ἀνέστη.
1469 2159 1527 2192 Ῑ95

252 2245 310 2283 167
337 2245 400 2285 ἐγὼ
416 2243 474 2274 Ar.
492 2248 539 2275 bi
552 2249 631 2283 qu
643 2245 703 2276 rA
715 2246 741 2277 B
757 2247 786 2277 D
797 2247 825 2277 T
841 2247 881 2278 al.
898 2259 903 2277 z
931 2248 1014 2288 ἐγὼν
1030 2248 1119 2287 vulg.
1235 2258 1295 2287 170
1318 2247 1441 2281 ἑπέσθω
1457 2260 1489 2280 ν.
1505 2250 1525 2282 l.

204 2291 272 2318 ant.
290 2297 310 2318 ο
424 2288 483 2326 185
505 2289 614 2321 ἵκοντο
630 2294 652 2320 b
666 2294 708 2320 el
723 2290 787 2321 BC
799 2291 826 2320 T
843 2301 872 2321 v.
887 2290 907 2321 l.
924 2289 957 2320 in
975 2291 1006 2321 A
1024 2291 1065 2322 al.
1182 2292 1241 2330 187
1267 2291 1418 2333 ἀργύρεος
1435 2291 1528 2333 ζυγὸς

203 2334 226 2361 k
239 2329 297 2360 L¹⁰
307 2330 364 2361 L¹²
376 2329 432 2361 L¹⁸
444 2331 488 2361 N4
500 2331 544 2362 Οἳ
555 2331 654 2363 V1V³
664 2332 707 2363 V6
718 2332 776 2364 VlU
786 2332 842 2365 VM
856 2333 914 2365 V²⁵
932 2333 1025 2366 Eust.
1206 2344 1262 2374 191
1290 2335 1445 2377 δέχμενος
1462 2347 1492 2367 ν.
1504 2337 1524 2367 l.

203 2378 284 2412 ant„
303 2374 475 2416 δεχόμενος
492 2374 536 2405 V⁹

1629 0 1655 96 :12
