1624 2802
569 131 604 165 5.
678 127 939 164 IAIAAOE
988 128 1017 164 E

136 230 324 281 καύματος
349 227 396 279 ’ἐξ
417 228 578 280 ἀνέμοιο
603 229 770 271 δυσαέος
794 230 1034 281 ὀρνυμένοιο,
1390 237 1450 276 865

133 299 234 337 τοῖος
257 295 422 351 Τυδεΐδῃ
450 295 640 346 Διομήδεϊ
663 295 834 349 χάλκεος
852 296 976 348 ’Ἄρης

134 361 285 416 φαίνεθ’
310 362 404 413 ὁμοῦ
428 361 647 414 νεφέεσσιν
673 363 740 402 ἰὼν
766 364 820 403 εἰς
845 362 1011 414 οὐρανὸν
1036 362 1160 415 εὐρύν.

134 429 382 481 καρπαλίμως
408 428 440 468 δ’
468 429 576 468 ἵκανε
602 430 702 468 θεῶν
727 429 826 475 ἕδος,
855 429 972 470 αἰπὺν
989 429 1216 481 ’Όλυμπον,

134 497 209 547 πὰρ
234 497 273 535 δὲ
301 495 367 535 Διὶ
394 496 586 546 Κρονίωνι
614 494 796 544 καθέζετο
822 495 943 546 θυμὸν
969 497 1136 550 ἀχεύων,

133 560 256 612 δεῖξεν
281 560 313 600 δ’
336 560 539 613 ἄμβροτον
565 563 659 612 αῗμα
685 562 896 614 καταρρέον
921 562 969 613 ἐξ
990 563 1167 613 ὠτειλῆς,
1387 569 1451 607 870

133 630 199 668 καί
217 626 256 680 ῥ’
282 628 576 681 ὀλοφυρόμενος
603 628 698 668 ἔπεα
723 629 938 680 πτερόεντα
963 630 1179 681 προσηύδα·

134 697 159 712 “
175 697 250 734 Ζεῦ
273 693 407 746 πάτερ,
435 694 479 734 οὐ
503 695 688 750 νεμεσίζῃ
714 696 814 746 ὁρῶν
838 694 930 736 τάδε
956 698 1119 748 καρτερὰ
1144 696 1258 749 ἕργα,·

132 762 209 801 αἰεί
229 777 288 801 τοι
310 762 470 813 ῥίγιστα
494 762 576 801 θεοὶ
602 762 811 811 τετληότες
837 763 943 813 εἰμὲν

132 827 318 878 ἀλλήλων
345 828 480 878 ἰότητι,
508 827 624 881 χάριν
650 827 839 880 ἄνδρεσσι
867 828 1069 881 φέροντες.

133 894 196 934 σοὶ
221 893 362 935 πάντες
385 895 633 947 μαχόμεσθα·
674 894 723 934 σὺ
748 897 821 946 γὰρ
847 894 956 936 τέκες
980 895 1137 948 ἄφρονα
1163 896 1316 952 κούρην,
1390 902 1451 940 875

132 959 361 1011 οὐλομένην,
387 959 410 1017 ᾗ
433 960 466 999 τ’
491 962 575 1001 αἰὲν
601 959 757 1011 ἀήσυλα
783 961 878 1014 ἔργα
901 961 1089 1013 μέμηλεν.

131 1026 248 1067 ἄλλοι
270 1029 343 1078 μὲν
367 1029 442 1079 γὰρ
467 1026 622 1073 πάντες,
650 1028 740 1067 ὅσοι
766 1029 852 1068 θεοί
874 1027 948 1068 εἷσ’
973 1029 1015 1068 ἐν
1041 1028 1244 1083 Ὀλύμπῳ,

133 1095 201 1134 σοί
220 1093 253 1132 τ’
279 1094 547 1134 ἐπιπείθονται
574 1095 634 1134 καὶ
660 1094 910 1145 δεδμήμεσθα
936 1094 1114 1136 ἕκαστος·

131 1160 272 1210 ταύτην
297 1159 329 1199 δ’
356 1160 436 1199 οὔτ’
461 1161 547 1200 ἔπεϊ
570 1159 861 1212 προτιβάλλεαι
887 1161 975 1200 οὔτε
1001 1177 1038 1200 τι
1063 1161 1177 1216 ἔργῳ,

132 1226 222 1281 ἀλλ’
247 1227 380 1272 ἀνιεῖς,
408 1228 492 1267 ἐπεὶ
517 1227 631 1268 αὐτὸς
656 1228 810 1279 ἐγείναο
835 1226 940 1267 παῖδ’
966 1227 1143 1278 ἀΐδηλον·
1390 1233 1453 1263 880

131 1292 153 1343 ἢ
179 1297 245 1334 νῦν
267 1292 415 1335 Τυδέος
439 1294 535 1339 υἱόν,
562 1294 810 1346 ὑπερφίαλον
837 1294 1050 1344 Διομήδεα,

131 1361 357 1412 μαργαίνειν
383 1359 546 1410 ἀνέηκεν
571 1359 630 1400 ἐπ’
657 1359 891 1400 ἀθανάτοισι
917 1362 1057 1400 θεοῖσι.

135 1427 307 1478 Κύπριδα
330 1428 402 1477 μὲν
427 1431 582 1479 πρῶτον
607 1426 754 1480 σχεδὸν
781 1427 925 1467 οὔτασε
954 1426 1054 1480 χεῖρ’
1081 1428 1144 1468 ἐπὶ
1172 1431 1317 1482 καρπῷ,

132 1492 250 1545 αὐτὰρ
275 1492 395 1533 ἔπειτ’
421 1493 521 1547 αὐτῷ
546 1510 612 1544 μοι
638 1492 836 1533 ἐπέσσυτο
862 1495 1016 1544 δαίμονι
1039 1494 1141 1535 ἶσος·

133 1558 237 1599 ἀλλά
260 1559 298 1610 μ’
322 1559 534 1610 ὑπήνεικαν
558 1559 699 1613 ταχέες
725 1560 854 1600 πόδες·
892 1558 915 1609 ἦ
940 1559 983 1600 τέ
1008 1577 1049 1600 κε
1074 1560 1192 1612 δηρὸν
1389 1565 1451 1603 885

133 1626 249 1666 αὐτοῦ
273 1626 417 1677 πήματ’
445 1626 624 1679 ἔπασχον
650 1627 692 1666 ἐν
718 1626 877 1682 αἰνῇσιν
903 1625 1151 1672 νεκάδεσσιν,

132 1692 156 1742 ἤ
181 1709 221 1732 κε
247 1693 323 1742 ζὼς
349 1692 540 1743 ἀμενηνὸς
565 1693 610 1732 ἔα
634 1695 800 1746 χαλκοῖο
825 1692 1010 1748 τυπῇσι.”

197 1759 278 1799 Τὸν
303 1759 335 1798 δ’
359 1758 419 1810 ἄρ’
443 1760 592 1812 ὑπόδρα
618 1759 708 1799 ἰδὼν
735 1758 921 1810 προσέφη
947 1758 1240 1811 νεφεληγερέτα
1266 1759 1375 1801 Ζεύς·

137 1825 226 1876 Ημή
250 1827 292 1866 τί
311 1842 389 1876 μοι,
417 1826 743 1877 ἀλλοπρόσαλλε,
772 1825 1033 1876 παρεζόμενος
1057 1825 1240 1877 μινύριζε.

136 1892 319 1945 ἔχθιστος
344 1891 386 1932 δέ
408 1893 478 1942 μοί
498 1894 592 1932 ἐσσι
619 1894 718 1932 θεῶν
744 1892 780 1932 οἳ
799 1891 1011 1942 ’Όλυμπον
1037 1891 1211 1945 ἔχουσιν·
1390 1897 1454 1935 890

136 1959 209 1998 αἰεὶ
234 1957 307 2010 γάρ
330 1975 390 1998 τοι
416 1959 493 2011 ἔρις
518 1975 559 1999 τε
586 1960 685 2011 φίλη
712 1959 884 2009 πόλεμοί
903 1975 944 1998 τε
969 1957 1094 2011 μάχαι
1118 1975 1173 1998 τε.

136 2025 278 2076 μητρός
301 2042 360 2065 τοι
383 2025 501 2076 μένος
527 2026 637 2066 ἐστὶν
663 2024 877 2078 ἀάσχετον,
906 2024 972 2064 οὐκ
999 2025 1207 2070 ἐπιεικτόν,

131 2089 271 2143 Ἥρης·
308 2091 378 2141 τὴν
402 2094 474 2142 μὲν
500 2093 578 2143 ἐγὼ
605 2092 756 2147 σπουδῇ
782 2090 948 2142 δάμνημ’
975 2090 1154 2130 ἐπέεσσι·

138 2160 189 2196 τῶ
215 2156 252 2196 σ’
277 2157 343 2197 ὀΐω
370 2159 496 2208 κείνης
521 2157 613 2198 τάδε
638 2157 811 2211 πάσχειν
837 2158 1077 2212 ἐννεσίῃσιν.

140 2223 229 2263 ἀλλ’
253 2223 297 2263 οὐ
320 2223 397 2275 μάν
423 2224 461 2263 σ’
488 2225 544 2265 ἔτι
569 2224 685 2276 δηρὸν
711 2223 895 2274 ἀνέξομαι
921 2222 1032 2275 ἄλγε’
1059 2223 1215 2275 ἔχοντα·
1393 2228 1453 2266 895

175 2319 236 2357 872
261 2319 326 2361 ἔργ’
344 2321 459 2358 ἆΐδηλα
476 2330 500 2357 g
514 2319 560 2351 U5
581 2320 636 2361 (cf.
658 2323 732 2361 757)
847 2323 909 2361 874
934 2321 1029 2363 χάριν
1046 2332 1064 2353 c
1079 2333 1097 2354 e
1111 2327 1158 2360 gi
1170 2327 1192 2354 k
1205 2323 1289 2360 pT:
1313 2324 1408 2366 χάριν
1425 2327 1451 2356 δ’

131 2360 188 2392 Ar.
209 2368 271 2394 cet.
385 2364 450 2394 880
473 2365 566 2396 ἀνιεῖς
583 2368 651 2402 bh,
668 2378 725 2397 -εις
743 2378 793 2402 -ης
811 2370 874 2395 cet.
895 2375 924 2395 ν.
946 2366 1049 2404 praes.
1168 2367 1228 2397 881
1257 2368 1451 2410 ὑπερφίαλον

131 2403 187 2436 Ar.
207 2405 260 2436 1³¹²
277 2417 284 2437 ε
307 2406 479 2448 ὑπέρθυμον
496 2418 523 2438 ν.
545 2407 564 2437 l.
585 2413 652 2439 ant.
675 2408 719 2446 (al
735 2409 886 2447 δημώδεις
906 2408 1011 2449 Did.)‚
1030 2408 1117 2448 vulg.
