1624 2802
0 2240 13 2802 mmm—*A*-
5 2182 9 2225 “.
6 2148 9 2161 λ

560 139 594 172 5.
666 133 927 170 ΙᾹΙΑΔΟΣ
976 134 1007 170 Ε

124 239 269 289 ἀνδρῶν
295 233 520 286 εἰλομένων,
548 235 726 277 εἰωθότες
752 235 908 286 ἔδμεναι
932 234 1040 284 ἅδην.

122 305 171 347 ὣς
195 303 324 349 λίπον,
351 301 470 352 αὐτὰρ
496 300 610 352 πεζὸς
636 302 675 344 ἐς
693 300 820 342 Ἴλιον
846 300 1058 352 εἰλήλουθα

120 369 292 421 τόξοισιν
316 369 491 410 πίσυνος·
529 370 575 408 τὰ
600 367 643 409 δέ
664 367 703 418 μ’
729 367 796 408 οὐκ
821 367 879 419 ἄρ’
906 369 1077 418 ἔμελλον
1102 366 1274 419 ὀνήσειν.
1378 382 1438 413 205

120 437 191 488 ἤδη
217 437 291 488 γὰρ
315 438 482 476 δοιοῖσιν
508 434 770 487 ἀριστήεσσιν
795 435 936 487 ε’φῆκα,

120 502 282 558 Τυδεΐδῃ
307 519 350 543 τε
375 501 436 541 καὶ
461 500 652 558 Ἀτρεΐδῃ,
681 501 723 541 ἐκ
747 500 780 541 δ’
808 500 1063 554 ἀμφοτέροιιν

121 570 275 622 ἀτρεκὲς
300 567 379 619 αἷμ’
404 567 553 608 ἔσσευα
576 568 729 619 βαλών,
756 567 894 620 ἤγειρα
919 570 960 608 δὲ
986 570 1154 618 μᾶλλον.

119 640 170 676 τῶ
194 637 243 688 ῥα
268 640 364 692 κακῇ
389 636 483 691 αἴσῃ
509 634 585 675 ἀπὸ
609 633 823 675 πασσάλου
850 635 1003 687 ἀγκύλα
1028 633 1124 685 τόξα

119 702 236 753 ἤματι
258 705 310 756 τῷ
336 702 482 752 ἑλόμην
507 702 572 742 ὅτε
591 700 716 742 Ἴλιον
742 703 796 743 εἰς
820 701 1022 753 ἐρατεινὴν
1378 713 1440 736 210

119 769 290 821 ἡγεόμην
312 767 512 819 Τρώεσσι,
539 767 672 820 φέρων
697 767 813 821 χάριν
831 767 995 820 (Ἐκτορι
1018 769 1099 822 δίῳ.

121 836 153 876 εἰ
178 834 219 876 δέ
245 851 287 876 κε
309 833 493 884 νοστήσω
521 834 582 874 καὶ
608 835 809 885 ἐσόψομαι
834 836 1080 886 ὀφθαλμοῖσι

120 900 269 955 πατρίδ’
294 901 390 952 ἐμὴν
415 900 565 954 ἄλοχόν
589 918 631 941 τε
658 902 720 942 καὶ
744 901 944 953 ὑψερεφὲς
967 900 1069 952 μέγα
1095 903 1215 951 δῶμα,

121 967 241 1009 αὐτίκ’
266 967 384 1008 ἔπειτ’
409 967 474 1008 ἀπ’
500 969 605 1019 ἐμεῖο
627 967 722 1019 κάρη
748 966 862 1018 τάμοι
887 967 1096 1019 ἀλλότριος
1122 967 1219 1019 φώς,

122 1036 155 1076 εἰ
178 1034 229 1085 μὴ
255 1035 332 1086 ε’γὼ
356 1033 448 1074 τάδε
471 1033 566 1085 τόξα
590 1038 739 1089 φαεινῷ
765 1035 806 1074 ἐν
830 1034 919 1085 πυρὶ
944 1035 1052 1084 θείην
1378 1045 1439 1077 215

120 1101 236 1155 χερσὶ
260 1099 519 1142 διακλάσσας·
558 1101 757 1151 ἀνεμώλια
781 1100 855 1152 γάρ
879 1117 944 1150 μοι
969 1099 1142 1149 ὀπηδεῖ.”

186 1166 266 1209 Τὸν
290 1166 322 1207 δ’
349 1166 431 1207 αὖτ’
457 1168 613 1209 Αἰνείας
637 1167 784 1219 Τρώων
809 1166 905 1218 ἀγὸς
930 1167 1063 1207 ἀντίον
1088 1166 1197 1216 ηὔδα·

123 1235 148 1251 “
163 1233 215 1284 μὴ
241 1232 286 1284 δὴ
311 1234 431 1275 οὕτως
454 1234 629 1285 ἀγόρευε·
668 1233 789 1284 πάρος
814 1233 847 1273 δ’
872 1233 940 1273 οὐκ
964 1232 1127 1273 ἔσσεται
1152 1232 1297 1279 ἄλλως,

121 1301 211 1352 πρίν
235 1299 272 1352 γ’
296 1300 361 1340 ἐπὶ
385 1300 438 1340 νὼ
462 1299 549 1354 τῷδ’
574 1299 684 1352 ἀνδρὶ
710 1299 783 1340 σὺν
809 1300 989 1340 ἵπποισιν
1015 1299 1077 1339 καὶ
1101 1301 1274 1352 ὄχεσφιν

122 1366 304 1417 ἀντιβίην
330 1367 491 1407 ἐλθόντε
518 1366 591 1406 σὺν
616 1366 747 1406 ἔντεσι
772 1368 1014 1418 πειρηθῆναι.
1380 1380 1440 1401 220

123 1432 212 1473 ἀλλ’
237 1432 299 1484 ἄγ’
326 1434 428 1483 ἐμῶν
453 1432 580 1486 ὀχέων
605 1431 812 1483 ἐπιβήσεο,
840 1434 945 1485 ὄφρα
968 1433 1072 1482 ἴδηαι

122 1500 197 1540 οἷοι
219 1499 364 1551 Τρώϊοι
388 1499 512 1545 ἵπποι,
539 1498 794 1549 ἐπιστάμενοι
818 1500 966 1540 πεδίοιο

124 1566 288 1617 κραιπνὰ
311 1564 404 1615 μάλ’
430 1566 524 1605 ἔνθα
548 1566 610 1605 καὶ
635 1565 727 1605 ἔνθα
753 1564 939 1615 διωκέμεν
963 1564 1030 1614 ἠδὲ
1057 1563 1271 1616 φέβεσθαι·

121 1632 174 1672 τὼ
201 1631 262 1672 καὶ
287 1635 356 1672 νῶϊ
379 1632 538 1672 πόλινδε
564 1631 781 1677 σαώσετον,
810 1632 845 1671 εἴ
868 1648 939 1682 περ
963 1630 1011 1671 ἂν
1036 1630 1126 1671 αὖτε

123 1698 220 1741 Ζεὺς
245 1698 308 1739 ἐπὶ
332 1697 496 1753 Τυδεΐδῃ
525 1697 713 1748 Διομήδεϊ
739 1700 850 1738 κῦδος
874 1696 1002 1752 ὀρέξῃ,
1381 1710 1440 1740 225

123 1764 213 1805 ἀλλ’
238 1764 310 1817 ἄγε
334 1768 401 1805 νῦν
425 1764 599 1816 μάστιγα
626 1764 686 1804 καὶ
711 1764 801 1814 ἡνία
825 1764 1066 1815 σιγαλόεντα

123 1830 241 1882 δέξαι,
270 1831 346 1883 ἐγὼ
371 1830 402 1870 δ’
428 1831 557 1871 ἵππων
582 1829 851 1881 ἀποβήσομαι,
879 1831 985 1882 ὄφρα
1007 1829 1206 1882 μάχωμαι·

123 1896 167 1947 ἠὲ
192 1897 241 1938 σὺ
265 1898 378 1938 τόνδε
402 1896 546 1948 δέδεξο,
572 1895 819 1948 μελήσουσιν
845 1896 877 1937 δ’
905 1897 990 1947 ἐμοὶ
1015 1895 1164 1937 ‘immas’

189 1963 268 2004 Τὸν
293 1963 324 2004 δ’
350 1963 440 2004 αὖτε
464 1962 674 2015 προσέειπε
700 1962 899 2005 Λυκάονος
926 1962 1075 2015 ἀγλαὸς
1101 1963 1195 2005 υἱός·

127 2031 151 2047 “
167 2031 314 2078 Αἰνεία,
342 2030 391 2070 σὺ
414 2032 487 2081 μὲν
512 2030 627 2072 αὐτὸς
653 2029 711 2083 ἔχ’
737 2030 827 2080 ἡνία
854 2031 916 2070 καὶ
940 2030 1013 2070 τεὼ
1039 2030 1158 2069 ἵππω·
1381 2040 1443 2070 230

124 2099 278 2146 μᾶλλον
301 2096 369 2148 ὑφ’
395 2097 540 2151 ἡνιόχῳ
568 2097 721 2137 εἰωθότι
748 2096 949 2147 καμπύλον
974 2095 1077 2147 ἅρμα

124 2164 292 2210 οἴσετον,
319 2164 355 2204 εἴ
376 2180 449 2215 περ
473 2162 521 2204 ἂν
546 2163 638 2204 αῧτε
663 2163 881 2214 φεβώμεθα
903 2159 1050 2202 Τυδέος
1074 2161 1170 2201 υἱόν·

169 2265 231 2294 203
255 2255 363 2296 τρῴων
380 2265 440 2295 pro
459 2257 579 2297 ἀνδρῶν
596 2255 641 2286 Ο7
765 2256 890 2288 εἶωθότε
910 2257 958 2286 Vc
1069 2255 1149 2293 ἅδην
1166 2254 1224 2287 ΛΓ.
1239 2267 1246 2286 :
1278 2256 1356 2294 ἄδην
1371 2267 1391 2287 ο
1404 2254 1447 2285 ΝΙ

129 2298 173 2329 O7
187 2298 246 2330 U1³
262 2310 267 2329 ε
293 2300 390 2337 ἅδδην
408 2309 436 2330 v.
453 2298 472 2329 1.
494 2304 562 2330 ant.
578 2298 665 2338 vulg.
797 2309 859 2338 205
885 2299 1024 2338 ἔμελλεν
1040 2302 1125 2335 bop
1137 2297 1266 2345 rDffiA
1279 2299 1306 2330 B
1320 2300 1361 2331 al.

128 2351 185 2372 211
209 2341 339 2382 ’Ἕκτορι
363 2341 433 2383 δίῳ]
461 2342 684 2382 ἱπποδάμοισιν
708 2353 737 2373 ν.
756 2342 775 2373 l.
806 2348 872 2372 ant.
1052 2351 1114 2379 227
1147 2342 1340 2382 ἐπιβήσομαι
1366 2342 1448 2373 Zeu.

127 2384 319 2434 bcgpwc
453 2395 510 2425 231
540 2385 660 2418 εἰωθότι
677 2385 734 2416 Ar.
759 2386 845 2424 vulg.
867 2396 873 2415 :
900 2385 1027 2417 εἷωθότε
1045 2384 1168 2416 h0V¹²
1180 2384 1239 2414 V13
1249 2386 1298 2416 Ve
1316 2385 1356 2416 al.
