1660 2802
641 131 677 165 6.
748 125 1008 162 ΙΛΙΑΔΟΣ
1054 126 1087 162 Ζ

204 229 468 280 ἀμφιπόλους,
496 234 613 284 τῇσιν
639 230 680 268 δὲ
706 228 802 280 γόον
829 226 1009 283 πάσῃσιν
1035 227 1222 278 ἐνῶρσεν.

203 296 241 334 αἱ
266 297 338 345 μὲν
365 294 421 334 ἔτι
450 294 546 344 ζωὸν
570 295 667 346 γόον
685 293 861 346 θΈκτορα
886 292 914 348 ᾧ
943 293 1000 334 ἐνὶ
1027 295 1131 348 οἴκῳ
1457 308 1523 339 500

203 361 246 400 οὐ
272 360 346 412 γάρ
372 378 437 411 μιν
465 360 517 401 ἔτ’
544 361 692 413 ἔφαντο
718 361 941 412 ὑπότροπον
967 361 1008 400 ἐκ
1034 359 1225 411 πολέμοιο

202 426 369 477 ἵξεσθαι,
398 427 656 479 προφυγόντα
680 426 798 477 μένος
824 427 886 466 καὶ
911 430 1045 479 χεῖρας
1071 426 1257 479 Ἀχαιῶν.

267 493 371 533 Οὐδὲ
398 493 524 545 Πάρις
550 492 714 543 δήθυνεν
743 494 784 532 ἐν
809 494 1007 545 ὑψηλοῖσι
1032 493 1223 544 δόμοισιν,

202 559 292 598 ἀλλ’
319 560 341 598 ὅ
365 559 414 611 γ’,
443 560 527 600 ἐπεὶ
554 559 692 599 κατέδυ
719 561 840 599 κλυτὰ
865 560 1020 612 τεύχεα,
1048 560 1209 599 ποικίλα
1233 563 1382 615 χαλκῷ,

201 625 333 665 σεύατ’
361 626 479 666 ἔπειτ’
506 627 580 666 ἀνὰ
607 625 720 671 ἄστυ,
749 626 846 665 ποσὶ
873 629 1098 678 κραιπνοῖσι
1123 627 1332 668 πεποιθώς.
1459 639 1522 671 505

201 691 251 732 ὡς
278 691 310 730 δ’
336 693 401 732 ὅτε
426 709 482 733 τις
509 692 654 733 στατὸς
681 693 811 738 ἵππος,
841 692 1069 743 ἀκοστήσας
1095 693 1158 733 ἐπὶ
1185 692 1329 749 φάτνῃ,

201 758 346 808 δεσμὸν
373 757 595 810 ἀπορρήξας
621 759 705 814 θείῃ
733 760 882 799 πεδίοιο
911 759 1112 810 κροαίνων,

202 824 344 865 εἰωθὼς
369 825 558 865 λούεσθαι
586 827 756 877 ἐϋρρεῖος
783 829 988 876 ποταμοῖο,

202 891 376 931 κυδιόων·
413 892 518 943 ὑψοῦ
544 894 585 932 δὲ
614 891 710 943 κάρη
738 891 835 944 ἔχει,
865 892 967 944 ἀμφὶ
993 894 1033 932 δὲ
1057 895 1192 944 χαῖται

200 957 318 1007 ὤμοις
344 956 566 998 ἀΐσσονται·
605 958 625 997 ὁ
651 957 683 997 δ’
711 958 908 1010 ἀγλαΐηφι
934 959 1144 1004 πεποιθώς,
1460 973 1524 1003 510

198 1024 325 1075 ῥίμφα
352 1026 369 1063 ἑ
394 1027 516 1076 γοῦνα
542 1023 656 1076 φέρει
681 1024 780 1075 μετά
805 1024 839 1063 τ’
865 1024 961 1075 ἤθεα
987 1025 1049 1065 καὶ
1074 1024 1194 1075 νομὸν
1219 1025 1362 1066 ἵππων·

199 1089 249 1130 ὣς
274 1089 356 1130 υἱὸς
384 1090 578 1141 Πριάμοιο
606 1090 733 1142 Πάρις
761 1092 857 1130 κατὰ
885 1091 1098 1144 Περγάμου
1122 1090 1241 1143 ἄκρης

198 1156 359 1208 τεύχεσι
385 1158 626 1209 παμφαίνων
652 1158 704 1198 ὥς
731 1157 764 1195 τ’
789 1156 966 1209 ἠλέκτωρ
994 1156 1186 1208 ἐβεβήκει

200 1224 447 1275 καγχαλόων,
474 1222 614 1276 ταχέες
641 1226 682 1264 δὲ
710 1223 828 1264 πόδες
855 1223 992 1276 φέρον·
1030 1223 1133 1276 αἶψα
1159 1223 1191 1264 δ’
1217 1224 1349 1265 ἔπειτα

191 1287 366 1340 “Εκτορα
389 1292 472 1329 δῖον
498 1289 658 1340 ἔτετμεν
685 1290 895 1342 ἀδελφεόν,
924 1289 1000 1330 εὖτ’
1026 1289 1086 1342 ἄρ’
1113 1290 1256 1341 ἔμελλε
1458 1304 1521 1336 515

199 1354 419 1407 στρέψεσθ’
446 1356 487 1395 ἐκ
512 1356 644 1408 χώρης
670 1357 732 1395 ὅθι
756 1355 780 1412 ᾗ
802 1356 931 1408 ὀάριζε
956 1358 1120 1408 γυναικί.

197 1420 265 1460 τὸν
292 1422 477 1472 πρότερος
502 1421 741 1473 προσέειπεν
767 1422 1029 1475 Ἀλέξανδρος
1056 1422 1241 1473 θεοειδής*

200 1490 224 1504 “
241 1487 354 1536 ἠθεῖ’,
385 1488 407 1538 ἦ
431 1488 539 1538 μάλα
564 1489 610 1539 δή
638 1506 684 1529 σε
711 1489 773 1529 καὶ
801 1489 1023 1540 ἐσσύμενον
1050 1490 1244 1541 κατερύκω

197 1554 384 1604 δηθύνων,
414 1554 492 1594 οὐδ’
520 1555 641 1605 ἦλθον
668 1557 887 1606 ἐναίσιμον,
917 1555 967 1597 ὡς
993 1555 1222 1603 ἐκέλευες;”

263 1620 343 1660 Τὸν
368 1620 399 1660 δ’
426 1622 744 1673 ἀπαμειβόμενος
772 1622 959 1674 προσέφη
987 1624 1240 1674 κορυθαίολος
1256 1621 1426 1676 “Εκτωρ·

199 1689 223 1704 “
240 1687 419 1738 δαιμόνι’,
448 1688 514 1728 οὐκ
540 1688 587 1728 ἄν
611 1690 669 1730 τίς
694 1705 754 1728 τοι
781 1689 891 1741 ἀνήρ,
919 1689 961 1730 ὃς
988 1690 1189 1740 ἐναίσιμος
1215 1691 1286 1740 εἴη,
1457 1704 1516 1735 521

197 1754 312 1805 ἔργον
337 1754 538 1805 ἀτιμήσειε
563 1755 705 1808 μάχης,
735 1756 819 1795 ἐπεὶ
846 1755 1009 1806 ἄλκιμός
1037 1757 1141 1795 ἐσσι·

196 1821 301 1860 ἀλλὰ
327 1821 425 1861 ἑκὼν
449 1824 594 1872 μεθιεῖς
620 1839 661 1862 τε
689 1823 749 1862 καὶ
777 1822 844 1861 οὐκ
871 1822 1033 1863 ἐθέλεις·
1070 1822 1114 1862 τὸ
1140 1822 1172 1863 δ’
1201 1823 1295 1874 ἐμὸν
1320 1826 1391 1875 κῆρ

195 1886 360 1939 ἄχνυται
386 1889 427 1927 ἐν
453 1891 570 1942 θυμῷ,
600 1888 657 1927 ὅθ’
683 1890 780 1940 ὑπὲρ
809 1890 925 1929 σέθεν
951 1888 1082 1942 αἴσχε’
1108 1889 1236 1929 ἀκούω

196 1953 291 2004 πρὸς
315 1954 474 2005 Τρώων,
504 1955 539 1994 οἲ
565 1955 704 2007 ἔχουσι
731 1956 858 1995 πολὺν
883 1956 1006 1995 πόνον
1033 1956 1162 1995 εἵνεκα
1188 1959 1286 1996 σεῖο.
1455 1970 1517 2001 525

196 2019 285 2059 ἀλλ’
311 2022 433 2071 ἴομεν·
470 2022 518 2060 τὰ
543 2021 574 2060 δ’
602 2023 767 2062 ὄπισθεν
794 2021 1045 2073 ἀρεσσόμεθ’,
1072 2023 1115 2063 αἵ
1137 2021 1179 2062 κέ
1203 2025 1296 2063 ποθι
1320 2022 1419 2064 Ζεὺς

196 2087 274 2142 δώῃ
301 2088 568 2138 ἐπουρανίοισι
593 2090 695 2129 θεοῖς
722 2088 986 2145 αἰειγενέτῃσι

196 2156 365 2205 κρητῆρα
391 2153 618 2204 στήσασθαι
645 2155 852 2206 ἐλεύθερον
878 2157 919 2195 ἐν
944 2155 1189 2208 μεγάροισιν,

196 2220 237 2259 ἐκ
262 2222 406 2271 Τροίης
433 2220 656 2262 ἐλάσαντας
682 2221 911 2272 ἐϋκνήμιδας
938 2221 1162 2274 Ἀχαιούς.”

237 2312 301 2349 506
325 2310 512 2351 ἀγοστὴσας
528 2321 560 2341 v.
577 2310 595 2341 1.
617 2317 684 2342 ant.
812 2322 872 2351 511
900 2311 989 2354 ῥίμφ’
1009 2315 1044 2345 ἑὰ
1059 2313 1138 2344 Zen.
1157 2325 1163 2344 ε
1187 2314 1302 2355 ρίμφαε
1320 2313 1522 2346 Posidonius

192 2363 254 2393 519
280 2354 453 2386 ἐκέλευσας
469 2364 519 2384 ac
536 2354 576 2384 al.
690 2365 754 2393 523
778 2359 895 2395 μεθιεῖς
914 2355 963 2386 Μ5
976 2356 1023 2387 O¹2
1035 2356 1078 2388 V¹
1091 2357 1134 2387 V3
1146 2357 1189 2388 VG
1199 2357 1268 2399 Vm,
1290 2358 1331 2390 cf.
1352 2364 1374 2391 Ε
1387 2360 1454 2389 880

192 2408 256 2437 529
281 2397 457 2430 ἐλάσαντες
477 2397 516 2427 U
531 2395 587 2427 L²⁰
599 2397 646 2427 M²³
660 2398 726 2428 ΜῘΟ
738 2397 851 2430 ΠΝΨ
