1624 2802
547 139 580 172 7.
654 134 912 171 ΙΛΙΑΔΟΣ
961 134 998 171 ΙΙ

112 238 256 280 ἄλλους
280 239 352 288 μὲν
379 237 542 278 κάθισον
566 241 704 290 Τρῶας
730 238 792 278 καὶ
818 236 966 279 πάντας
990 236 1186 290 Ἀχαιούς,

112 305 225 346 αὐτὸς
250 306 290 344 δὲ
317 303 590 355 προκάλεσσαι
615 304 790 357 Ἀχαιῶν
816 305 858 346 ὅς
882 320 939 345 τις
963 303 1123 356 ἄριστος
1392 318 1432 347 50

111 372 290 422 ἀντίβιον
313 369 571 424 μαχέσασθαι
596 372 638 411 ἐν
663 372 752 428 αἰνῇ
778 372 963 420 δηϊοτῆτι·

111 438 155 478 οὐ
179 437 253 490 γάρ
278 437 337 477 πώ
363 454 423 477 τοι
447 441 564 489 μοῖρα
590 440 724 478 θανεῖν
751 438 813 477 καὶ
838 437 988 487 πότμον
1014 438 1210 477 ἐπισπεῖν·

422 503 521 518 νῖ>1
1097 502 1120 516 '2

114 506 163 546 ὧς
186 506 260 556 γὰρ
285 505 388 556 ἐγὼν
414 521 465 544 οπ
500 520 653 544 ακουσα
680 506 779 544 θεῶν
806 503 1093 555 αἰειγενετάων.

171 569 248 611 Ἲὶς
273 570 401 622 ἔφαθ’,
422 569 581 622 ’Έκτωρ
607 570 639 610 δ’
666 569 746 610 αὖτ’
773 569 896 623 ἐχάρη
915 569 1017 622 μέγα
1041 572 1163 621 μῦθον
1188 570 1369 615 ἀκούσας,

112 638 177 677 καί
196 636 236 689 ῥ’
262 638 301 678 ἐς
326 636 482 687 μέσσον
508 637 576 677 ἰὼν
602 636 750 689 Τρώων
776 635 937 689 ἀνέεργε
963 636 1188 689 φάλαγγας,
1391 650 1430 680 55

109 703 262 754 μέσσου
288 703 421 755 δουρὸς
448 703 564 744 ἑλών·
603 705 638 743 οἱ
664 703 696 743 δ’
724 704 963 756 ἱδρύνθησαν
989 703 1171 744 ἅπαντες.

111 772 179 810 κὰδ
203 769 236 810 δ’
261 769 521 822 Ἀγαμέμνων
548 771 656 810 εῖσεν
684 769 913 820 ἐϋκνήμιδας
939 769 1137 822 Ἀχαιούς·

111 838 178 876 κὰδ
204 835 237 876 δ’
261 836 320 888 ἄρ’
346 836 536 887 Ἀθηναίη
563 854 605 876 τε
633 838 694 877 καὶ
720 834 982 888 ἀργυρότοξος
1006 835 1220 877 Ἀπόλλων

110 902 274 954 ἑζέσθην
299 905 452 955 ὄρνισιν
480 904 650 944 ἐοικότες
676 905 895 955 αἰγυπιοῖσι

110 973 223 1023 φηγῷ
250 969 313 1021 ἐφ’
338 971 476 1026 ὑψηλῇ
503 969 648 1022 πατρὸς
676 969 772 1012 Διὸς
797 969 1005 1022 αἰγιόχοιο,
1391 973 1434 1003 60

109 1035 273 1087 ἀνδράσι
297 1037 542 1088 τερπόμενοι·
580 1040 658 1077 τῶν
683 1038 724 1076 δὲ
752 1037 889 1089 στίχες
913 1036 1009 1085 ἥατο
1035 1036 1186 1081 πυκναί,

110 1103 252 1142 ἀσπίσι
278 1104 339 1143 καὶ
367 1103 581 1156 κορύθεσσι
607 1104 668 1143 καὶ
695 1103 835 1155 ἔγχεσι
860 1105 1099 1154 πεφρικυῖαι.

109 1169 168 1219 οἵη
195 1171 235 1209 δὲ
262 1169 456 1222 Ζεφύροιο
485 1171 649 1223 ἐχεύατο
674 1170 818 1209 πόντον
843 1169 907 1209 ἔπι
932 1168 1030 1220 φρὶξ

110 1235 333 1286 ὀρνυμένοιο
359 1236 460 1281 νέον,
491 1236 652 1286 μελάνει
678 1235 720 1276 δέ
744 1252 785 1276 τε
810 1236 953 1276 πόντος
977 1235 1040 1275 ὑπ’
1067 1234 1196 1284 αὐτῆς,

109 1306 210 1342 τοῖαι
234 1301 307 1353 ἄρα
333 1303 468 1354 στίχες
496 1302 582 1352 ἥατ’
609 1302 783 1354 Ἀχαιῶν
807 1318 849 1342 τε
874 1302 1020 1351 Τρώων
1045 1318 1084 1341 τε
1391 1305 1431 1344 65

109 1369 151 1408 ἐν
176 1368 306 1422 πεδίῳ·
337 1367 495 1421 (Έκτωρ
523 1370 563 1408 δὲ
588 1368 670 1419 μετ’
697 1368 982 1420 ἀμφοτέροισιν
1007 1369 1125 1408 ἔειπε·

111 1437 134 1451 “
153 1433 312 1475 κέκλυτέ
335 1452 418 1486 μευ,
448 1438 581 1486 Τρῶες
609 1436 671 1475 καὶ
698 1434 921 1485 ἐϋκνήμιδες
947 1434 1117 1487 Ἀχαιοί,

108 1500 197 1553 ὄφρ’
223 1503 318 1542 ε’ίπω
343 1502 390 1542 τά
415 1519 463 1552 με
491 1501 609 1552 θυμὸς
635 1503 692 1542 ἐνὶ
719 1501 915 1552 στήθεσσι
942 1501 1102 1541 κελεύει.

108 1568 217 1619 ὅρκια
241 1570 315 1619 μὲν
341 1569 532 1620 Κρονίδης
558 1569 748 1620 ὑψίζυγος
773 1567 840 1607 οὐκ
866 1567 1095 1612 ἐτέλεσσεν,

108 1635 213 1674 ἀλλὰ
239 1637 335 1675 κακὰ
360 1634 541 1687 φρονέων
568 1635 815 1686 τεκμαίρεται
840 1633 1139 1686 ἀμφοτέροισιν,
1392 1648 1435 1678 70

108 1702 162 1743 εἰς
186 1702 208 1741 ὅ
233 1719 297 1742 κεν
323 1699 344 1752 ἦ
370 1703 478 1752 ὑμεῖς
504 1702 650 1753 Τροίην
677 1702 869 1753 εὔπυργον
895 1701 1023 1751 ἕλητε,

107 1764 130 1816 ἢ
156 1767 264 1809 αὐτοὶ
289 1770 393 1820 παρὰ
419 1769 533 1818 νηυσὶ
561 1766 726 1819 δαμήετε
751 1768 1069 1819 ποντοπόροισιν.

107 1834 194 1884 ὑμῖν
219 1834 252 1875 δ’
279 1836 320 1875 ἐν
344 1836 418 1887 γὰρ
445 1835 559 1875 ἔασιν
586 1836 770 1886 ἀριστῆες
796 1837 1051 1886 Παναχαιῶν·

107 1904 184 1941 τῶν
209 1905 278 1942 νῦν
302 1902 345 1942 ὅν
370 1918 456 1942 τινα
485 1900 601 1952 θυμὸς
629 1902 713 1952 ἐμοὶ
739 1900 995 1953 μαχέσασθαι
1021 1900 1167 1955 ἀνώγῃ,

108 1966 206 2018 δεῦρ’
231 1969 300 2008 ’ίτω
326 1969 367 2008 ἐκ
393 1968 549 2008 πάντων
576 1968 724 2020 πρόμος
750 1967 912 2018 ἔμμεναι
929 1965 1093 2017 “Ex-rope
1118 1967 1198 2019 δίῳ.
1388 1978 1428 2008 75

107 2033 181 2073 ὧδε
205 2035 246 2074 δὲ
270 2034 472 2085 μυθέομαι,
502 2034 600 2076 Ζεὺς
625 2034 657 2074 δ’
683 2033 776 2084 ἄμμ’
803 2033 1058 2085 ἐπιμάρτυρος
1084 2032 1200 2072 ἔστω·

109 2100 141 2139 εἰ
162 2099 236 2150 μέν
262 2118 326 2140 κεν
351 2102 419 2151 ἐμὲ
446 2105 572 2142 κεῖνος
598 2101 669 2156 ἕλῃ
695 2099 881 2149 ταναήκεϊ
905 2103 1055 2152 χαλκῷ,

145 2198 186 2226 53
210 2189 275 2218 ath.
296 2188 354 2218 Ar.
527 2190 568 2227 56
592 2190 620 2220 οἱ
636 2189 663 2220 δ’
683 2187 836 2219 hoAO'·
851 2187 934 2218 U¹02
958 2189 1007 2219 τοὶ
1026 2189 1052 2219 δ’
1073 2188 1162 2228 vng.
1327 2190 1372 2219 60
1396 2192 1429 2221 ἐν

103 2231 183 2268 qM7
197 2231 237 2261 U'
417 2233 458 2262 62
491 2235 667 2273 βεβριθυῖαι
685 2243 714 2262 v.
730 2231 748 2262 1.
767 2232 799 2262 in
818 2231 848 2261 A
868 2232 925 2269 Res.
944 2238 970 2263 Δ
988 2232 1068 2269 282)
1237 2233 1279 2269 64
1310 2232 1429 2264 πόντος

104 2273 204 2306 Arist.
228 2274 334 2305 Probl.
356 2283 420 2313 934
434 2285 452 2305 a
473 2285 519 2314 15,
541 2275 630 2313 vulg.
649 2286 654 2304 :
681 2275 800 2307 πόντον
817 2275 875 2304 Ar.
896 2274 1009 2311 equ
1023 2275 1048 2304 C
1068 2275 1156 2314 Lips.
1177 2275 1218 2305 al.
1332 2277 1428 2312 αὐτῆς

105 2317 190 2356 vulg.
205 2329 211 2349 :
238 2320 317 2360 αὐτῇ
336 2318 396 2348 Ar.
409 2322 487 2349 efh
499 2319 524 2348 B
537 2319 563 2349 C
576 2319 603 2348 T
620 2319 673 2350 aL:
701 2320 796 2350 αὐτοῦ
810 2329 839 2348 ν.
855 2318 874 2348 l.
891 2322 958 2347 ant.
976 2318 1042 2354 Vi2,
1057 2318 1157 2349 Arist.
1174 2319 1193 2348 l.
1209 2329 1230 2349 c.
1252 2330 1257 2348 :
1282 2320 1366 2350 αὐτῶ
1382 2318 1427 2348 U‘·'

191 2370 229 2399 73
254 2363 280 2392 δ’
299 2364 332 2393 ἐν
349 2360 408 2392 ΑΓ.
427 2360 553 2398 ‘bg'Vm
563 2360 640 2392 Vsso:
665 2361 725 2400 μὲν
743 2361 830 2400 vulg.
951 2371 988 2399 74
1016 2363 1069 2393 νῦν
1087 2363 1122 2393 ὅν
1139 2361 1225 2402 τινα]
1245 2363 1273 2393 εἰ
1289 2362 1340 2393 καί
1356 2375 1427 2393 τινα

104 2407 166 2441 ch,
185 2415 214 2435 v.
233 2405 251 2435 1.
273 2404 304 2435 in
323 2404 352 2435 A
445 2406 511 2444 ἐμοὶ
529 2404 748 2445 μαχέσασθαι]
768 2406 812 2436 ἐνὶ
831 2404 1008 2441 στήθεσσιν
1024 2408 1038 2434 i
