1624 2802
578 104 613 138 8.
688 100 943 138 ΙΛΙΑΔΟΣ
991 102 1029 139 Θ

145 202 235 244 ἀλλ’
258 202 325 242 οὐκ
350 201 398 243 ἂν
423 202 595 254 ἐρύσαιτ’
621 202 666 254 ἐξ
687 204 898 256 οὐρανόθεν
923 206 1102 246 πεδίονδε

145 269 236 320 Ζῆν’
260 270 408 310 ὕπατον
431 268 617 321 μήστωρ’,
646 270 724 310 οὐδ’
751 272 783 311 εἰ
808 270 917 321 μάλα
941 274 1075 312 πολλὰ
1101 271 1271 324 κάμοιτε.

144 335 232 377 ἀλλ’
258 336 323 376 ὅτε
347 335 391 386 δὴ
419 336 481 376 καὶ
507 336 584 388 ἐγὼ
608 337 799 389 πρόφρων
824 337 1000 388 ἐθέλοιμι
1027 339 1204 390 ἐρύσσαι,

144 402 237 460 αὐτῇ
263 419 328 443 κεν
352 403 444 458 γαίῃ
471 402 650 455 ἐρύσαιμ’
676 403 774 460 αὐτῇ
798 420 840 444 τε
866 403 1067 460 θαλάσσῃ·

144 469 278 522 σειρὴν
302 468 375 520 μέν
400 486 465 509 κεν
495 469 629 510 ἔπειτα
654 470 740 521 περὶ
763 470 848 521 ῥίον
874 470 1105 521 Οὐλύμποιο
1420 487 1457 517 23

143 537 349 587 δησαίμην,
376 537 424 575 τὰ
448 534 490 576 δέ
516 535 547 575 κ’
573 536 664 576 αὖτε
687 535 859 588 μετήορα
884 536 1011 577 πάντα
1035 537 1200 589 γένοιτο.

142 603 291 643 τόσσον
317 603 393 654 ἐγὼ
419 603 509 654 περί
531 602 563 642 τ’
589 603 666 653 εἰμὶ
692 605 791 643 θεῶν
816 605 909 655 περί
929 603 962 642 τ’
983 603 1055 654 εἴμ’
1081 605 1332 656 ἀνθρώπων.”

201 667 280 711 ὸΩς
305 668 432 722 ἔφαθ’,
461 671 495 710 οἱ
521 668 552 709 δ’
577 668 650 721 ἄρα
674 668 817 712 πάντες
844 670 940 719 ἀκὴν
965 670 1148 722 ἐγένοντο
1175 677 1305 728 σιωπῇ

142 739 261 788 μῦθον
286 735 574 788 ἀγασσάμενοι·
610 734 718 786 μάλα
743 737 818 788 γὰρ
844 740 1036 788 κρατερῶς
1062 737 1289 789 ἀγόρευσεν.

143 803 219 855 ὀψὲ
244 805 285 843 δὲ
310 802 355 852 δὴ
379 801 558 853 μετέειπε
583 803 652 842 θεὰ
678 806 903 854 γλαυκῶπις
928 802 1088 853 Ἀθήνη·
1420 817 1459 848 30

145 867 213 909 “33
238 868 360 920 πάτερ
383 868 545 921 ἡμέτερε
571 870 753 920 Κρονίδη,
779 870 902 910 ὕπατε
928 870 1148 921 κρειόντων,

143 935 184 976 εὗ
209 953 253 976 νυ
278 936 339 976 καὶ
363 935 473 987 ἡμεῖς
498 937 608 986 ἴδμεν
633 937 654 975 ὅ
677 952 737 976 τοι
763 935 905 978 σθένος
930 936 997 975 οὐκ
1024 936 1230 977 ἐπιεικτόν·

143 1002 231 1042 ἀλλ’
256 1002 379 1053 ἔμπης
405 1006 574 1043 Δαναῶν
599 1002 862 1055 ὀλοφυρόμεθ’
887 1002 1130 1056 αἰχμητάων,

142 1069 181 1109 οἵ
203 1085 268 1110 κεν
293 1069 337 1119 δὴ
365 1068 482 1109 κακὸν
507 1068 613 1110 οἶτον
639 1068 944 1120 ἀναπλήσαντες
969 1071 1153 1110 ὄλωνται.

143 1135 233 1176 ἀλλ’
258 1135 343 1186 ἤτοι
366 1135 539 1187 πολέμου
564 1137 636 1186 μὲν
661 1134 889 1188 ἀφεξόμεθ’,
917 1136 966 1177 ὡς
993 1136 1042 1176 σὺ
1068 1136 1251 1178 κελεύεις·
1423 1150 1458 1180 35

142 1202 294 1253 βουλὴν
319 1202 350 1242 δ’
375 1202 569 1255 Ἀργείοις
594 1202 871 1253 ὑποθησόμεθ’,
898 1202 924 1252 ἥ
947 1219 1005 1244 τις
1031 1202 1180 1252 ὀνήσει,

144 1269 193 1312 ὡς
215 1269 266 1320 μὴ
292 1268 435 1311 πάντες
460 1270 630 1309 ὄλωνται
653 1268 944 1320 ὀδυσσαμένοιο
969 1269 1110 1309 τεοῖο.”

206 1336 291 1387 Τὴν
316 1335 347 1376 δ’
373 1334 628 1387 ἐπιμειδήσας
651 1335 837 1388 προσέφη
864 1335 1156 1388 νεφεληγερέτα
1184 1337 1292 1378 Ζεύς·

145 1405 170 1420 “
187 1402 335 1454 θάρσει,
361 1402 628 1455 Τριτογένεια,
656 1403 777 1455 φίλον
802 1402 925 1444 τέκος·
964 1403 1008 1443 οὔ
1032 1403 1079 1443 νύ
1102 1420 1137 1442 τι
1164 1406 1267 1456 θυμῷ

143 1470 336 1521 πρόφρονι
359 1469 561 1520 μυθέομαι,
589 1469 714 1509 ἐθέλω
740 1468 782 1510 δέ
806 1486 867 1509 τοι
890 1468 1005 1519 ἤπιος
1031 1469 1166 1509 εἶναι.”
1418 1483 1459 1512 40

203 1534 281 1577 ὁΩς
307 1536 425 1576 εἰπὼν
449 1535 512 1575 ὑπ’
537 1537 689 1589 ὄχεσφι
706 1536 912 1576 τιτύσκετο
937 1536 1155 1589 χαλκόποδ’
1181 1537 1299 1580 ἵππω,

145 1602 332 1648 ὠκυπέτα,
359 1601 579 1658 χρυσέῃσιν
605 1603 802 1658 ἐθείρῃσιν
829 1603 1039 1654 κομόωντε,

143 1669 292 1722 χρυσὸν
317 1669 348 1709 δ’
374 1668 490 1711 αὐτὸς
514 1669 623 1710 ἔδυνε
647 1670 734 1721 περὶ
759 1669 861 1722 χροΐ,
888 1669 1005 1721 γέντο
1030 1669 1062 1709 δ’
1090 1668 1288 1719 ἱμάσθλην

144 1737 332 1788 χρυσείην
357 1736 550 1782 εὔτυκτον,
578 1737 643 1776 ἑοῦ
668 1735 699 1776 δ’
726 1735 950 1787 ἐπεβήσετο
977 1737 1129 1788 δίφρου,

144 1800 333 1853 μάστιξεν
358 1802 389 1842 δ’
417 1801 552 1843 ἐλάαν·
589 1803 642 1842 τὼ
666 1802 697 1842 δ’
724 1802 792 1842 οὐκ
818 1802 978 1843 ἀέκοντε
1004 1802 1201 1852 πετέσθην
1419 1814 1458 1844 45

144 1869 348 1920 μεσσηγὺς
372 1870 485 1921 γαίης
510 1886 551 1909 τε
577 1870 638 1909 καὶ
663 1869 826 1921 οὐρανοῦ
851 1870 1118 1921 ἀστερόεντος.

141 1933 247 1985 Ἴδην
272 1935 303 1975 δ’
328 1936 458 1975 ἵκανεν
483 1937 744 1982 πολυπίδακα,
773 1936 920 1987 μητέρα
945 1938 1084 1987 θηρῶν,

147 2001 360 2054 Γάργαρον,
387 2001 481 2042 ἔνθα
504 2001 546 2042 τέ
571 2004 607 2042 οἱ
631 2001 792 2053 τέμενος
816 2003 952 2052 βωμός
976 2018 1016 2041 τε
1043 1999 1182 2050 θυήεις.

147 2067 222 2107 ἔνθ’
248 2069 389 2110 ἵππους
415 2069 562 2118 ἔστησε
588 2069 714 2120 πατὴρ
739 2069 890 2120 ἀνδρῶν
915 2085 956 2108 τε
983 2071 1081 2107 θεῶν
1106 2083 1146 2106 τε

182 2170 222 2190 22
248 2159 405 2200 μήστωρ’]
423 2160 551 2193 πάντων
568 2161 671 2193 Arist.
693 2163 734 2193 de
752 2168 829 2192 mot.
851 2173 901 2193 an.
926 2172 1016 2201 700a
1039 2172 1049 2191 1
1233 2171 1275 2200 23
1303 2161 1467 2203 πρόφρων]

138 2202 268 2241 πρόσσω
281 2203 364 2235 Ptol.
380 2203 474 2235 Pind.
568 2205 701 2245 ἐθέλωμι
711 2205 769 2236 Ar.
863 2206 970 2244 25—26
987 2205 1053 2234 ath.
1071 2204 1151 2234 Zen.
1245 2214 1284 2243 27
1305 2218 1346 2236 ων
1356 2205 1409 2245 τε[
1423 2203 1468 2252 D*

140 2245 244 2284 28-34
268 2246 334 2277 ath.
355 2247 407 2277 hic
424 2247 482 2278 Ar.
597 2258 638 2287 29
661 2248 880 2290 φρασσάμενοι
898 2259 927 2278 v.
946 2248 965 2278 Ι.
986 2253 1052 2278 ant.
1180 2248 1287 2286 35—38
1311 2249 1378 2278 ath.
1399 2248 1457 2278 Ar.

223 2298 263 2329 35
288 2291 328 2322 ὡς
343 2289 401 2320 Ar.
425 2291 697 2323 adnmABT:
727 2293 756 2324 εἰ
775 2292 838 2322 ν.1.
861 2297 941 2331 ant.‚
962 2291 1050 2329 vulg.
1071 2301 1077 2320 ε
1101 2288 1165 2332 ᾗΟ
1180 2289 1241 2320 U¹⁰
1331 2301 1369 2329 37
1396 2301 1460 2320 om.

138 2330 218 2363 Zen.
307 2333 349 2372 38
371 2332 465 2375 ]·1·[]p
481 2333 617 2375 ανδ[]ων
633 2349 670 2366 τε
687 2339 765 2366 θεων
782 2348 819 2366 τε
836 2332 880 2382 ᾨΊ
1030 2335 1101 2371 382
1126 2334 1137 2373 (
1150 2348 1176 2359 =
1193 2339 1219 2365 A
1233 2334 1310 2373 361)
1329 2329 1374 2381 ”⁷

139 2384 245 2413 39-40
267 2376 335 2406 ath.
356 2376 408 2406 hic
425 2376 483 2407 Ar.
506 2380 554 2415 (τ
569 2383 598 2410 Χ
614 2378 775 2417 183-184)
905 2389 945 2416 44
973 2377 1162 2417 ἐπεμείβετο
1180 2387 1199 2407 e
1326 2378 1367 2416 48
1394 2377 1465 2408 ἔνθα

138 2417 176 2449 τέ
190 2418 241 2448 fC
257 2418 297 2449 al.
316 2430 322 2449 :
348 2420 420 2451 ἔνθα
437 2419 474 2452 δέ
489 2420 580 2460 vulg.
