1660 2802
639 142 674 175 9.
750 137 1007 174 {AIAAOE
1056 138 1070 173 I

195 238 315 278 οἴκαδ’
341 240 583 284 ἀποπλείειν,
614 240 696 279 ἐπεὶ
723 239 851 279 οὐκέτι
877 238 987 289 δήετε
1013 239 1164 290 τέκμωρ

193 304 314 345 Ἰλίου
339 307 526 355 αἰπεινῆς·
564 305 672 355 μάλα
698 305 772 357 γάρ
798 308 886 346 ἑθεν
913 305 1081 357 εὐρύοπα
1107 305 1204 347 Ζεὺς

192 375 307 423 χεῖρα
331 371 398 421 ἑὴν
423 371 631 424 ὑπερέσχε,
660 371 930 423 τεθαρσήκασι
955 374 996 412 δὲ
1020 373 1124 412 λαοί.

193 437 242 479 ὣς
269 437 396 489 ἔφατ’·
434 439 513 478 εἰσὶ
540 439 601 477 καὶ
627 439 705 478 οἵδε
731 438 813 478 τάδ’
841 437 1011 489 εἰπέμεν,
1039 439 1079 479 οἵ
1099 455 1165 489 μοι
1190 438 1346 485 ἕποντο,

193 505 290 545 Αἴας
317 505 378 544 καὶ
406 503 542 555 κήρυκε
568 504 658 550 δύω,
688 504 920 555 πεπνυμένω
947 504 1078 557 ἄμφω.

193 569 334 620 Φοῖνιξ
356 570 387 610 δ’
413 570 496 610 αὖθ’
523 572 543 610 ὁ
567 570 692 623 γέρων
720 571 967 622 κατελέξατο,
1001 568 1047 626 ᾦς
1072 573 1148 624 γὰρ
1173 571 1329 624 ἀνώγει,

191 638 297 688 ὄφρα
322 638 358 677 οἱ
383 638 426 677 ἐν
450 636 592 687 νήεσσι
617 639 741 690 φίλην
768 639 808 680 ἐς
833 637 985 690 πατρίδ’
1012 639 1150 689 ἕπηται

192 703 337 755 αὔριον,
365 699 413 753 ἢν
439 703 638 759 ἐθέλῃσιν·
677 703 828 761 ἀνάγκῃ
856 704 888 744 δ’
915 705 959 745 οὔ
984 706 1024 745 τί
1044 722 1110 755 μιν
1136 703 1259 755 ἄξει.”

252 768 331 811 ὁ,Ως
356 769 486 822 ἔφαθ’,
515 772 550 810 οἱ
577 770 609 810 δ’
635 770 708 823 ἄρα
734 770 878 813 πάντες
904 771 1001 821 ἀκὴν
1028 770 1211 823 ἐγένοντο
1237 776 1368 828 σιωπῇ

191 839 311 886 μῦθον
337 836 626 889 ἀγασσάμενοι·
662 837 769 888 μάλα
796 839 869 890 γὰρ
896 841 1088 890 κρατερῶς
1113 838 1318 890 ἀγόρευσε.

193 902 262 953 δὴν
288 902 321 943 δ’
347 902 445 957 ἄνεῳ
473 902 575 953 ἦσαν
600 905 796 954 τετιηότες
823 905 902 946 υἷες
927 903 1113 957 Ἀχαιῶν·

191 970 269 1021 ὀψὲ
296 971 336 1010 δὲ
362 969 407 1020 δὴ
432 969 614 1021 μετέειπε
638 970 742 1021 βοὴν
769 970 915 1023 ἀγαθὸς
942 969 1156 1021 Διομήδης·

194 1038 218 1053 “
234 1035 412 1087 Ἀτρεΐδη
441 1037 607 1083 κύδιστε,
636 1037 737 1087 ἄναξ
760 1038 909 1089 ἀνδρῶν
935 1036 1198 1089 Ἀγάμεμνον,

190 1102 241 1153 μὴ
268 1104 414 1155 ὄφελες
439 1105 658 1144 λίσσεσθαι
683 1104 861 1154 ἀμύμονα
888 1103 1111 1154 Πηλεΐωνα,

191 1170 308 1220 μυρία
332 1172 436 1221 δῶρα
461 1170 602 1211 διδούς·
641 1171 660 1209 ὁ
685 1170 717 1209 δ’
744 1169 899 1222 ἀγήνωρ
926 1171 1012 1211 ἐστὶ
1039 1171 1100 1210 καὶ
1125 1170 1272 1212 ἄλλως·

192 1238 259 1275 νῦν
284 1235 330 1275 αὖ
354 1253 421 1286 μιν
447 1236 549 1276 πολὺ
573 1239 729 1287 μᾶλλον
755 1238 1013 1293 ἀγηνορίῃσιν
1038 1238 1189 1287 ἐνῆκας.

193 1301 283 1342 ἀλλ’
307 1302 392 1352 ἤτοι
418 1305 547 1343 κεῖνον
571 1305 643 1353 μὲν
671 1302 855 1354 ἐάσομεν,
883 1303 906 1353 ἤ
933 1320 997 1344 κεν
1024 1305 1144 1359 ἴῃσιν,

194 1368 214 1418 ἥ
241 1385 282 1409 κε
305 1368 416 1425 μένῃ·
453 1369 541 1409 τότε
567 1369 599 1409 δ’
627 1369 716 1410 αὖτε
740 1369 976 1423 μαχήσεται,
1005 1370 1153 1410 ὁππότε
1180 1369 1246 1410 κέν
1270 1386 1337 1421 μιν

192 1435 309 1486 θυμὸς
335 1436 391 1476 ἐνὶ
418 1435 636 1485 στήθεσσιν
663 1437 795 1492 ἀνώγῃ
822 1437 884 1476 καὶ
911 1436 996 1478 θεὸς
1021 1438 1133 1492 ὄρσῃ.

192 1501 283 1542 ἀλλ’
310 1501 431 1554 ἄγεθ’,
461 1502 511 1544 ὡς
535 1502 583 1543 ἂν
609 1503 685 1555 ἐγὼ
711 1504 819 1549 εἴπω,
847 1504 1071 1554 πειθώμεθα
1096 1502 1252 1545 πάντες’

192 1572 259 1609 νῦν
282 1571 354 1619 μὲν
380 1568 625 1620 κοιμήσασθε
649 1570 933 1622 τεταρπόμενοι
958 1571 1080 1623 φίλον
1106 1569 1197 1622 ἦτορ

193 1636 303 1675 σίτου
330 1635 392 1675 καὶ
418 1637 552 1676 οἴνοιο·
589 1636 632 1676 τὸ
657 1638 732 1688 γὰρ
756 1635 873 1687 μένος
900 1638 987 1677 ἐστὶ
1014 1636 1075 1677 καὶ
1100 1635 1214 1687 ἀλκή·

192 1701 311 1753 αὐτὰρ
336 1703 425 1742 ἐπεί
447 1719 488 1743 κε
513 1709 620 1759 φανῇ
646 1703 746 1753 καλὴ
770 1702 1055 1755 ῥοδοδάκτυλος
1081 1703 1202 1749 Ἠώς,

193 1771 446 1820 καρπαλίμως
471 1770 545 1821 πρὸ
571 1774 669 1810 νεῶν
696 1769 838 1823 ἐχέμεν
862 1771 962 1811 λαόν
987 1787 1030 1811 τε
1056 1771 1118 1811 καὶ
1144 1771 1286 1811 ἵππους

192 1835 375 1886 ὀτρύνων,
404 1837 466 1876 καὶ
492 1836 523 1875 δ’
550 1836 663 1878 αὐτὸς
690 1837 746 1877 ἐνὶ
773 1837 964 1889 πρώτοισι
988 1835 1225 1890 μάχεσθαι.”

254 1900 332 1944 ‘¹525
358 1902 486 1955 ἔφαθ’,
514 1905 550 1943 οἱ
575 1903 608 1942 δ’
633 1903 706 1954 ἄρα
732 1903 874 1946 πάντες
903 1905 1106 1960 ἐπῄνησαν
1130 1904 1342 1954 βασιλῆες,

193 1971 315 2019 μῦθον
340 1968 613 2021 ἀγασσάμενοι
642 1970 859 2022 Διομήδεος
887 1969 1136 2020 ἱπποδάμοιο.

195 2035 256 2075 καὶ
281 2035 369 2075 τότε
394 2035 438 2085 δὴ
467 2038 705 2079 σπείσαντες
731 2037 832 2088 ἔβαν
859 2037 1061 2087 κλισίηνδε
1087 2037 1264 2082 ἔκαστος,

194 2101 288 2141 ἔνθα
313 2104 353 2142 δὲ
380 2101 619 2153 κοιμήσαντο
647 2104 708 2144 καὶ
733 2105 855 2144 ὕπνου
881 2106 1003 2155 δῶρον
1029 2103 1181 2143 ἕλοντο.

1449 244 1512 285 685

1451 575 1515 618 690

1453 1247 1515 1282 700

1451 1913 1516 1944 710

232 2195 382 2233 688-692
414 2194 479 2224 ath.
506 2194 564 2225 Ar.
720 2196 783 2235 692
815 2195 882 2224 ath.
911 2194 992 2224 Zen.
1149 2195 1211 2232 694
1245 2202 1307 2224 om.
1333 2192 1423 2227 Zen„
1451 2193 1519 2222 ath.

189 2237 363 2277 Aristoph.
382 2238 440 2269 Ar.
546 2240 642 2275 μῦθον
663 2238 884 2277 φρασσάμενοι
906 2249 935 2267 v.
948 2237 968 2269 l.
987 2237 1019 2267 in
1038 2236 1078 2276 A,
1099 2236 1139 2267 cs.
1163 2241 1188 2267 Θ
1202 2246 1243 2274 29
1347 2234 1518 2277 ἀγόρευσε]

190 2281 321 2313 ἆπόειπε
342 2291 385 2318 g':
411 2280 541 2312 ἀπέειπε
559 2292 580 2317 q
596 2292 625 2311 V.
642 2281 660 2311 l.
682 2282 713 2311 in
730 2281 772 2318 A,
793 2280 848 2311 L¹3
860 2281 901 2310 V1
915 2279 975 2310 V32
1078 2281 1142 2318 698
1165 2280 1237 2319 μηδ’
1255 2278 1312 2309 ΑΓ.
1330 2278 1478 2315 1³1qu
1492 2279 1518 2308 C

275 2326 340 2364 699
364 2326 413 2356 καὶ
432 2325 533 2356 αὕτως
552 2335 581 2355 ν.
598 2325 615 2354 l.
637 2325 667 2354 in
689 2324 719 2353 A
851 2334 914 2362 700
939 2325 1056 2361 ἀνῆκας
1074 2323 1130 2353 ΑΓ,
1150 2323 1200 2362 (ἔν
1218 2335 1283 2354 τισι
1301 2325 1364 2354 τῶν
1381 2324 1518 2361 ὑπομνη-

187 2368 311 2408 μάτων)
331 2367 454 2398 P¹¹V²3
612 2378 673 2406 703
698 2367 823 2409 ἀνώγῃ]
845 2367 930 2409 ὀρίνῃ
951 2365 1070 2398 bcL¹²'
1089 2365 1181 2396 Eust.
1338 2374 1396 2403 711
1423 2367 1519 2404 μῦθον

189 2411 408 2452 φρασσάμενοι
427 2422 454 2440 v.
472 2410 491 2441 l.
511 2411 543 2441 in
562 2410 597 2449 T,
620 2411 658 2442 cf.
677 2412 739 2450 694

1613 2765 1632 2802 ι
1655 2738 1660 2802 1³
