1624 2802
0 2728 15 2802 a&

575 148 609 182 9.
686 143 940 180 ΙΛΙΑΔΟΣ
992 144 1002 179 Ι

132 249 186 298 βῆ
214 245 245 287 δ’
271 246 382 291 ἰέναι,
410 245 502 299 χροὶ·
526 245 557 284 δ’
584 245 681 285 ἔντε’
708 246 869 284 ἐδύσετο
897 246 1205 297 παμφανόωντα.

133 314 183 355 ὣς
208 313 228 352 ὁ
250 314 322 364 μὲν
348 313 590 352 Αἰτωλοῖσιν
616 310 817 361 ἀπήμυνεν
845 310 962 350 κακὸν
988 311 1089 362 ἦμαρ

133 377 236 430 εἴξας
262 377 290 433 ᾧ
310 379 424 432 θυμῷ·
461 379 514 432 τῷ
536 377 567 417 δ’
594 376 722 417 οὐκέτι
748 376 835 428 δῶρ’
861 377 1083 417 ἐτέλεσσαν

132 444 265 487 πολλά
289 462 332 486 τε
358 445 418 485 καὶ
443 445 643 497 χαρίεντα,
673 443 790 483 κακὸν
817 442 847 482 δ’
873 442 993 494 ἤμυνε
1020 444 1081 484 καὶ
1107 444 1243 485 αὔτως.

132 513 237 552 ἀλλὰ
263 511 312 552 σὺ
335 510 387 562 μή
411 527 478 562 μοι
502 514 621 550 ταῦτα
647 510 728 550 νόει
754 510 887 561 φρεσί,
913 509 1010 560 μηδέ
1036 527 1083 550 σε
1108 511 1256 560 δαίμων
1388 514 1453 546 600

133 580 299 619 ἐνταῦθα
323 577 495 630 τρέψειε,
524 577 656 629 φίλος·
696 574 830 616 κάκιον
855 575 897 615 δέ
922 593 986 616 κεν
1013 578 1070 626 εἴη

133 645 271 695 νηυσὶν
298 643 551 699 καιομένῃσιν
579 641 786 693 ἀμυνέμεν·
825 641 916 682 ἀλλ’
943 643 1007 682 ἐπὶ
1032 642 1165 694 δώρων

133 711 260 764 ἔρχεο·
299 710 389 750 ἶσον
414 709 497 762 γάρ’
514 726 562 750 σε
590 712 664 763 θεῷ
689 710 893 749 τείσουσιν
918 708 1087 762 Ἀχαιοί.

133 779 166 817 εἰ
191 777 234 817 δέ
259 777 291 817 κ’
316 776 407 828 ἄτερ
433 776 566 828 δώρων
593 775 769 826 πόλεμον
795 774 1020 827 φθισήνορα
1044 775 1147 831 δύῃς,

133 843 258 883 οὐκέθ’
284 844 387 894 ὁμῶς
413 845 525 894 τιμῆς
551 842 662 882 ἔσεαι
687 843 864 892 πόλεμόν
890 858 962 893 περ
988 841 1214 882 ἀλαλκών.”
1389 845 1452 884 605

198 909 280 950 Τὸν
305 909 338 949 δ’
364 910 686 960 ἀπαμειβόμενος
711 907 897 960 προσέφη
923 909 1045 948 πόδας
1071 908 1169 949 ὠκὺς
1193 907 1419 961 Ἀχιλλεύς·

136 979 161 994 “
177 975 327 1027 Φοῖνιξ,
354 975 451 1015 ἄττα
476 974 620 1028 γεραιέ,
648 974 865 1027 διοτρεφές,
892 975 936 1014 οὕ
960 976 1001 1014 τί
1020 991 1069 1024 με
1093 974 1234 1024 ταύτης

133 1043 236 1096 χρεὼ
261 1045 386 1094 τιμῆς·
426 1041 582 1095 φρονέω
608 1043 649 1082 δὲ
673 1043 904 1092 τετιμῆσθαι
930 1040 1025 1081 Διὸς
1050 1043 1156 1096 αἴσῃ,

133 1110 157 1159 ἥ
180 1108 219 1160 μ’
246 1109 325 1159 ἕξει
350 1111 454 1161 παρὰ
480 1109 595 1159 νηυσὶ
622 1109 842 1160 κορωνίσιν,
870 1109 924 1148 εἰς
950 1108 971 1146 ὅ
997 1106 1028 1146 κ’
1052 1106 1174 1157 ἀϋτμὴ

134 1177 176 1215 ἐν
203 1174 399 1225 στήθεσσι
424 1175 522 1230 μένῃ
548 1176 614 1215 καί
633 1191 700 1225 μοι
726 1175 827 1226 φίλα
850 1172 1006 1225 γούνατ’
1032 1173 1171 1228 ὀρώρῃ.
1389 1174 1453 1206 610

134 1240 237 1282 ἄλλο
262 1241 304 1282 δέ
329 1258 390 1282 τοι
414 1241 523 1293 ἐρέω,
551 1241 601 1281 σὺ
626 1241 659 1280 δ’
685 1241 742 1281 ἐνὶ
768 1241 888 1292 φρεσὶ
912 1239 1069 1290 βάλλεο
1095 1240 1203 1294 σῇσι·

132 1307 185 1360 μή
212 1325 278 1359 μοι
303 1309 444 1361 σύγχει
469 1307 589 1358 θυμὸν
614 1308 847 1359 ὀδυρόμενος
874 1307 934 1346 καὶ
960 1306 1127 1359 ἀχεύων,

134 1374 313 1431 Ἀτρεΐδῃ
341 1375 439 1426 ἥρωϊ
464 1373 597 1427 φέρων
622 1373 750 1426 χάριν·
790 1372 879 1412 οὐδέ
903 1373 943 1412 τί
966 1389 1012 1412 σε
1038 1372 1112 1425 χρὴ

132 1440 202 1481 τὸν
231 1440 399 1493 φιλέειν,
427 1442 490 1481 ἵνα
515 1440 567 1490 μή
592 1457 657 1490 μοι
683 1438 879 1492 ἀπέχθηαι
905 1438 1098 1490 φιλέοντι.

135 1508 256 1548 καλόν
284 1524 344 1547 τοι
370 1507 443 1547 σὺν
469 1506 555 1557 ἐμοὶ
579 1505 647 1545 τὸν
674 1505 802 1555 κήδειν
828 1506 869 1545 ὅς
896 1504 927 1544 κ’
953 1506 1019 1554 ἐμὲ
1046 1503 1152 1559 κήδῃ·
1391 1505 1454 1545 615

132 1573 223 1614 ’ἶσον
249 1574 334 1625 ἐμοὶ
361 1574 555 1623 βασίλευε
581 1572 641 1611 καὶ
666 1572 787 1622 ἥμισυ
810 1572 940 1622 μείρεο
965 1572 1089 1620 τιμῆς.

134 1640 240 1680 οὗτοι
265 1639 298 1679 δ’
327 1638 578 1692 ἀγγελέουσι,
609 1637 658 1677 σὺ
684 1637 716 1676 δ’
742 1636 876 1676 αὐτόθι
901 1635 1014 1687 λέξεο
1038 1636 1190 1686 μίμνων

134 1706 225 1763 εὐνῇ
251 1705 309 1746 ἔνι
333 1711 502 1762 μαλακῇ·
543 1704 623 1755 ἅμα
646 1703 679 1743 δ’
705 1703 771 1753 ἠοῖ
794 1702 1062 1755 φαινομένηφι

135 1771 386 1825 φρασσόμεθ’
411 1772 435 1822 ἥ
461 1789 502 1812 κε
531 1770 692 1821 νεώμεθ’
720 1769 783 1821 ἐφ’
810 1768 960 1820 ἡμέτερ’
987 1768 1009 1818 ἦ
1035 1786 1076 1808 κε
1100 1766 1317 1819 μένωμεν.”

194 1838 265 1884 ἲΗ,
294 1839 355 1879 καὶ
382 1839 601 1891 Πατρόκλῳ
629 1838 650 1876 ὅ
674 1836 709 1889 γ’
735 1836 795 1876 ἐπ’
822 1835 969 1887 ὀφρύσι
994 1838 1108 1874 νεῦσε
1134 1835 1262 1888 σιωπῇ
1393 1836 1455 1867 620

135 1907 288 1946 Φοίνικι
312 1904 502 1956 στορέσαι
530 1903 691 1944 πυκινὸν
716 1903 849 1956 λέχος,
878 1903 982 1953 ὄφρα
1006 1900 1177 1953 τάχιστα

135 1972 176 2010 ἐκ
203 1972 359 2021 κλισίης
385 1972 544 2011 νόστοιο
570 1971 765 2021 μεδοίατο·
803 1972 909 2008 τοῖσι
934 1967 965 2007 δ’
992 1967 1050 2019 ἄρ’
1079 1968 1174 2007 Αἴας

135 2038 311 2079 ἀντίθεος
335 2036 642 2087 Τελαμωνιάδης
667 2037 764 2087 μετὰ
789 2038 910 2086 μῦθον
937 2034 1054 2073 ἔειπε·

137 2105 162 2121 “
178 2106 351 2156 διογενὲς
377 2103 608 2155 Λαερτιάδη,
637 2101 885 2154 πολυμήχαν’
911 2100 1120 2144 Ὀδυσσεῦ,

135 2171 255 2220 ἴομεν·
294 2170 338 2209 οὐ
362 2169 437 2222 γάρ
461 2186 528 2220 μοι
553 2169 679 2209 δοκέει
703 2169 841 2219 μύθοιο
867 2167 1028 2215 τελευτὴ
1391 2166 1453 2205 625

177 2261 238 2289 6οΙ
272 2260 398 2301 κάκιον]
424 2262 571 2301 χαλεπὸν
594 2258 822 2291 fikorAN⁴
999 2258 1062 2287 602
1094 2257 1198 2297 δώρων
1221 2255 1280 2287 Ar.
1305 2255 1457 2286 cdhiA

137 2311 238 2341 marg.
257 2314 264 2333 ι
288 2306 386 2343 δῶρον
404 2303 468 2333 Μ10
479 2303 520 2333 Pf'
533 2302 606 2334 P¹⁵:
632 2305 738 2344 δώροις
756 2303 844 2340 vulg.
990 2302 1052 2329 612
1079 2300 1122 2330 ἐνὶ
1141 2300 1317 2336 στήθεσσιν
1334 2298 1457 2337 ἀχεύων

136 2344 192 2374 Ar.
211 2345 317 2376 ahV¹
332 2345 386 2376 V¹l
399 2345 457 2376 V¹8
476 2346 567 2377 Eust.
584 2358 590 2376 :
615 2347 802 2387 ὀδυρόμενος
820 2343 980 2386 κινυρίζων
997 2343 1075 2373 Ζοιι.
1173 2343 1236 2380 619
1259 2341 1296 2379 ἠὲ
1312 2341 1456 2379 μένωμεν

135 2392 264 2426 bg'kq‚
284 2389 314 2418 Λ
335 2395 410 2428 post
428 2399 491 2420 ras,
625 2391 689 2427 623
714 2388 798 2429 μέγα
815 2398 833 2418 c
965 2388 1027 2424 625
1053 2385 1211 2422 τελευτὴν
1226 2389 1285 2420 bg‘
1298 2384 1403 2413 MCV⁹

1270 2428 1325 2457 13*
