1670 2828
653 148 688 183 2.
761 139 1025 179 ῙΛΙΑΔΟΣ
1096 140 1127 178 Β

227 249 324 300 Ζηνὶ
349 248 457 301 φόως
480 246 647 300 ἐρέουσα
672 246 734 286 καὶ
759 244 898 285 ἄλλοις
924 241 1194 283 ἀθανάτοισιν·

226 316 346 367 αὐτὰρ
371 316 390 354 ὁ
416 314 629 366 κηρύκεσσι
654 311 968 364 λιγυφθόγγοισι
995 308 1160 349 κέλευσε
1509 320 1551 352 50

227 381 441 433 κηρύσσειν
467 379 658 432 ἀγορήνδε
684 377 778 430 κάρη
807 376 1028 427 κομόωντας
1053 375 1253 428 Ἀχαιούς·

226 450 261 488 οἱ
285 450 357 498 μὲν
383 445 616 498 ἐκήρυσσον,
643 445 702 485 τοὶ
728 443 760 484 δ’
786 443 989 495 ἠγείροντο
1014 440 1107 492 μάλ’
1133 440 1226 481 ὦκα·

293 513 448 563 Βουλὴν
474 515 515 553 δὲ
539 516 693 564 πρῶτον
718 509 954 562 μεγαθύμων
977 509 1035 558 ’ἵζε
1058 508 1254 560 γερόντων

226 579 430 635 Νεστορέῃ
456 580 560 630 παρὰ
583 578 649 628 νηῒ
671 575 935 629 Πυλοιγενέος
958 576 1173 626 βασιλῆος·

225 647 314 688 τοὺς
339 647 360 685 ὅ
384 663 428 698 γε
454 643 708 697 συγκαλέσας
733 642 897 692 πυκινὴν
922 642 1107 694 ἠρτύνετο
1132 638 1300 692 βουλήν·
1511 651 1551 683 55

229 714 253 730 “
272 716 396 758 κλῦτε,
426 713 551 764 φίλοι·
591 711 695 752 Θεῖός
718 726 784 761 μοι
809 709 993 750 ἐνύπνιον
1019 706 1140 758 ἦλθεν
1162 705 1346 759 ’Όνειρος

227 779 453 830 ἀμβροσίην
479 779 541 818 διὰ
567 777 697 817 νύκτα·
735 775 912 826 μάλιστα
936 777 977 815 δὲ
1003 774 1177 826 Νέστορι
1204 774 1272 827 δίῳ

227 844 326 886 εἶδός
351 862 392 885 τε
415 844 582 896 μέγεθός
606 860 649 883 τε
673 841 777 895 φυήν
802 841 836 882 τ’
861 841 1035 895 ἄγχιστα
1060 838 1181 895 ἐῴκει·

227 913 301 961 στῆ
327 909 360 950 δ’
387 909 446 962 ἄρ’
471 911 568 961 ὑπὲρ
593 911 771 961 κεφαλῆς
799 909 862 948 καί
883 925 931 959 με
955 907 1052 959 πρὸς
1075 909 1198 958 μῦθον
1225 907 1368 948 ἔειπεν·

229 980 237 994 ‘
255 979 388 1023 εὕδεις,
417 976 577 1028 Ἀτρέος
602 978 660 1016 υἱὲ
685 975 896 1027 δαΐφρονος
922 973 1171 1024 ἱπποδάμοιο·
1512 974 1554 1006 60

226 1043 269 1083 οὐ
292 1044 369 1096 χρὴ
394 1043 610 1095 παννύχιοι·
637 1043 761 1083 εὕδειν
786 1042 1046 1093 βουληφόρον
1070 1039 1204 1092 ἄνδρα,

227 1108 255 1164 ᾧ
280 1111 375 1150 λαοί
395 1109 429 1149 τ’
455 1108 762 1161 ἐπιτετράφαται
788 1108 849 1148 καὶ
873 1108 1002 1147 τόσσα
1026 1106 1191 1157 μέμηλε·

226 1179 294 1217 νῦν
319 1175 352 1216 δ’
380 1175 517 1226 ἐμέθεν
541 1174 652 1225 ξύνες
677 1172 769 1215 ὦκα·
810 1174 907 1216 Διὸς
933 1172 974 1214 δέ
999 1190 1058 1213 τοι
1083 1172 1254 1225 ἄγγελός
1279 1173 1370 1223 εἶμι,

225 1242 268 1284 ὃς
293 1245 364 1283 σεῦ
388 1242 548 1283 ἄνευθεν
574 1242 648 1281 ἐὼν
671 1241 774 1293 μέγα
799 1239 955 1290 κήδεται
980 1239 1040 1289 ἠδ’
1067 1240 1249 1291 ἐλεαίρει·

227 1307 398 1360 θωρῆξαί
421 1308 459 1348 σ’
485 1307 670 1348 ἐκέλευσε
696 1307 791 1360 κάρη
820 1307 1042 1358 κομόωντας
1067 1305 1255 1358 Ἀχαιοὺς
1513 1308 1554 1348 65

226 1376 432 1431 πανσυδίῃ·
471 1378 538 1415 νῦν
563 1374 637 1426 γάρ
665 1391 728 1414 κεν
754 1375 860 1415 ἕλοις
886 1374 1004 1413 πόλιν
1030 1371 1261 1424 εὐρυάγυιαν

224 1442 384 1494 Τρώων·
423 1441 466 1481 οὐ
490 1443 565 1493 γὰρ
591 1440 643 1481 ἔτ’
669 1442 792 1492 ἀμφὶς
817 1440 1021 1491 Ὀλύμπια
1046 1439 1189 1490 δώματ’
1216 1439 1376 1492 ἔχοντες

225 1508 410 1548 ἀθάνατοι
437 1507 664 1560 φράζονται·
703 1507 961 1559 ἐπέγναμψεν
986 1508 1061 1558 γὰρ
1086 1506 1262 1547 ἅπαντας

217 1573 324 1626 “Hpq
350 1574 585 1625 λισσομένη,
613 1574 800 1625 Τρώεσσι
826 1576 866 1613 δὲ
893 1572 995 1623 κήδε’
1022 1574 1198 1625 ἐφῆπται

224 1643 266 1681 ἐκ
294 1642 403 1683 Διός·
441 1642 546 1680 ἀλλὰ
573 1640 622 1680 σὺ
648 1646 769 1696 σῇσιν
796 1640 863 1693 ἔχε
889 1638 1061 1691 φρεσίν]
1122 1639 1172 1680 ὣς
1198 1639 1218 1678 ὁ
1242 1640 1314 1689 μὲι·
1343 1638 1462 1679 εἰπὼν
1515 1649 1555 1680 70

225 1706 336 1762 ᾤχετ’
363 1706 648 1757 ἀποπτάμενος,
677 1708 744 1757 ἐμὲ
771 1708 811 1746 δὲ
838 1706 981 1758 γλυκὺς
1007 1707 1128 1747 ὕπνος
1153 1706 1309 1756 ἀνῆκεν.

226 1773 317 1814 ἀλλ’
345 1773 465 1826 ἄγετ’,
492 1775 533 1813 αἴ
558 1773 622 1814 κέν
649 1790 728 1814 πως
755 1771 980 1824 θωρήξομεν
1006 1772 1090 1814 υἷας
1116 1771 1309 1825 Ἀχαιῶν·

225 1843 359 1891 πρῶτα
385 1839 417 1880 δ’
444 1841 543 1891 ἐγὼν
570 1840 708 1880 ἔπεσιν
735 1838 986 1891 πειρήσομαι,
1016 1837 1039 1888 ἢ
1067 1838 1176 1889 θέμις
1202 1839 1302 1883 ἐστί,

226 1908 287 1947 καὶ
313 1907 476 1959 φεύγειν
501 1906 575 1946 σὺν
601 1907 717 1956 νηυσὶ
743 1905 986 1956 πολυκλήϊσι
1014 1905 1202 1946 κελεύσω·

224 1974 331 2024 ὑμεῖς
357 1972 390 2013 δ’
417 1973 588 2012 ἄλλοθεν
614 1972 737 2014 ἄλλος
766 1973 942 2024 ἐρητύειν
968 1971 1199 2013 ἐπέεσσιν.”
1516 1980 1555 2012 75

288 2038 406 2079 ’‘H-roa
431 2039 452 2078 ὅ
476 2038 512 2090 γ’
539 2039 589 2080 ὣς
615 2040 734 2079 εἰπὼν
762 2039 844 2079 κατ’
872 2039 929 2091 ἄρ’
957 2039 1075 2089 ἕζετο,
1102 2042 1208 2078 τοῖσι
1234 2036 1266 2077 δ’
1292 2035 1438 2086 ἀνέστη

268 2137 314 2174 ⁸53
336 2129 460 2166 βουλὴν
470 2127 552 2158 Zen.
569 2130 618 2167 (ἐν
632 2131 700 2160 ταῖς
711 2131 828 2161 κοιναῖς
840 2127 946 2170 Did),
960 2128 1066 2168 vulg.:
1089 2130 1192 2167 βουλὴ
1204 2127 1450 2168 Aristoph.A1·.
1467 2128 1556 2166 Bm⁵,

233 2171 278 2201 U⁴
296 2181 380 2202 corr.
398 2184 451 2212 γρ,
472 2169 512 2200 Ρ3
627 2180 668 2210 54
692 2171 906 2212 Πυλοιγενέος
922 2170 1059 2220 ΡᾩῊΑ
1073 2172 1139 2202 ΒΤ
1151 2172 1195 2202 al.
1211 2183 1218 2202 :
1244 2171 1448 2212 Πυληγενέος
1464 2172 1552 2210 vulg.

318 2224 378 2254 pro
396 2216 581 2255 55-αὐτὰρ
600 2215 669 2245 ἐπεί
685 2216 712 2255 ῥ’
728 2217 863 2256 ἤγερθεν
879 2215 1051 2256 ὁμηγερέες
1070 2214 1098 2246 τ’
1118 2214 1281 2255 ἐγένοντο,

489 2259 572 2290 τοῖσι
593 2256 620 2288 δ’
639 2258 848 2297 ἀνιστάμενος
863 2257 991 2299 μετέφη
1008 2258 1120 2299 κρείων
1136 2257 1346 2299 Ἀγαμέμνων
1361 2257 1442 2288 Zen.

229 2303 271 2340 56
295 2301 377 2333 θεῖόν
397 2300 476 2333 Zen.
568 2310 630 2340 pro
647 2302 798 2339 60-70—

489 2346 604 2385 ἠνώγει
623 2357 659 2375 σε
677 2346 781 2385 πατὴρ
800 2344 947 2385 ὑψίζυγος
965 2344 1062 2387 αἰθέρι
1083 2345 1176 2377 ναίων

488 2389 588 2430 Τρωσὶ
606 2389 815 2428 μαχήσασθαι
832 2390 924 2429 προτὶ
936 2389 1051 2420 Ἴλιον·
1077 2390 1116 2420 ὣς
1133 2390 1149 2418 ὁ
1164 2387 1224 2428 μὲν
1244 2388 1340 2420 εἰπὼν
1358 2387 1438 2420 Zen.

228 2433 268 2469 64
293 2431 360 2474 ath.
382 2431 435 2462 hic
453 2430 526 2470 An,
546 2431 587 2462 cf.
606 2440 646 2470 27
781 2431 886 2471 76-83
903 2432 971 2462 ath.
989 2431 1049 2463 Ar.
