1624 2802
591 149 626 184 9.
700 144 957 182 ΙΛΙΑΔΟΣ
1006 145 1022 181 Ι

148 247 249 299 ἀμφὶ
274 247 316 288 δέ
339 264 400 287 τοι
424 247 469 303 τῇ
497 248 569 303 ἐμῇ
596 249 730 302 κλισίῃ
758 248 817 287 καὶ
843 248 907 297 νηῒ
929 249 1095 304 μελαίνῃ

140 312 315 366 ‘'Em-opu
341 313 401 353 καὶ
425 317 609 364 μεμαῶτα
633 312 763 366 μάχης
789 312 1019 366 σχήσεσθαι
1043 314 1148 354 ὀΐω.”
1402 318 1465 358 655

209 378 288 422 ὁΩς
314 379 442 432 ἔφαθ’,
471 381 507 420 οἱ
533 382 574 420 δὲ
601 380 766 421 ἕκαστος
792 381 894 420 ἑλὼν
919 379 1038 422 δέπας
1064 380 1366 432 ἀμφικύπελλον

149 447 388 488 σπείσαντες
412 447 516 498 παρὰ
541 448 636 496 νῆας
661 448 753 486 ἴσαν
780 445 913 486 πάλιν·
952 445 1049 500 ἦρχε
1074 446 1106 486 δ’
1133 446 1365 489 Ὀδυσσεύς.

148 512 381 565 Πάτροκλος
406 513 438 552 δ’
464 512 663 564 ἑτάροισιν
689 513 744 553 ἰδὲ
770 513 923 567 δμῳῆσι
950 512 1114 554 κέλευσε

148 580 303 620 Φοίνικι
327 578 518 631 στορέσαι
542 578 705 620 πυκινὸν
730 578 851 632 λέχος
877 580 960 619 ὅττι
984 578 1168 633 τάχιστα.

148 648 187 686 αἱ
212 645 244 686 δ’
270 647 565 697 ἐπιπειθόμεναι
591 646 787 697 στόρεσαν
811 644 933 698 λέχος
959 646 1010 687 ὡς
1036 645 1235 692 ἐκέλευσε,
1406 648 1468 680 660

150 711 249 753 κώεά
273 729 315 753 τε
338 713 458 765 ῥῆγός
482 729 524 753 τε
549 712 679 752 λίνοιό
701 729 743 752 τε
768 711 917 752 λεπτὸν
941 711 1080 752 ἄωτον.

148 778 227 819 ἔνθ’
253 779 273 818 ὁ
298 778 423 831 γέρων
450 778 658 819 κατέλεκτο
686 778 747 818 καὶ
772 777 857 818 Ἠῶ
882 781 969 819 δῖαν
995 779 1166 829 ἔμιμνεν.

148 844 267 897 αὐτὰρ
292 844 504 899 Ἀχιλλεὺς
530 845 615 886 εὗδε
638 848 749 899 μυχῷ
777 846 934 895 κλισίης
960 845 1162 895 εὐπήκτου·

148 915 200 965 τῷ
227 910 259 950 δ’
284 911 358 963 ἄρα
382 910 673 963 παρκατέλεκτο
698 910 807 964 γυνή,
835 911 906 961 τὴν
931 912 1141 962 Λεσβόθεν
1168 911 1250 963 ἦγε,

149 977 383 1029 Φόρβαντος
408 977 591 1031 θυγάτηρ,
620 977 796 1029 Διομήδη
825 977 1106 1034 καλλιπάρῃος.
1406 981 1468 1020 665

150 1043 382 1096 Πάτροκλος
407 1044 440 1084 δ’
467 1044 655 1096 ἑτέρωθεν
682 1043 859 1095 ἐλέξατο·
896 1046 975 1096 πὰρ
999 1044 1031 1084 δ’
1057 1044 1132 1096 ἄρα
1157 1044 1218 1084 καὶ
1244 1048 1295 1098 τῷ

143 1108 250 1162 Ἶφις
276 1109 451 1160 ἐΰζωνος,
479 1109 550 1161 τήν
576 1113 612 1151 οἱ
637 1111 732 1163 πόρε
757 1113 838 1152 δῖος
863 1110 1076 1164 Ἀχιλλεὺς

150 1180 296 1228 Σκῦρον
323 1178 425 1217 ἑλὼν
450 1179 619 1223 αἰπεῖαν,
647 1177 813 1227 Ἐνυῆος
838 1179 1086 1228 πτολίεθρον.

214 1245 266 1283 Οἱ
291 1243 322 1283 δ’
351 1245 415 1284 ὅτε
441 1244 485 1293 δὴ
514 1245 718 1300 κλισίῃσιν
744 1245 786 1284 ἐν
812 1243 1015 1295 Ἀτρείδαο
1041 1243 1217 1296 γένοντο,

149 1309 238 1351 τοὺς
262 1311 334 1360 μὲν
359 1310 433 1362 ἄρα
457 1309 666 1364 χρυσέοισι
692 1310 904 1352 κυπέλλοις
928 1311 1006 1352 υἷες
1032 1310 1206 1363 Ἀχαιῶν
1407 1313 1469 1351 670

150 1375 339 1430 δειδέχατ’
365 1376 537 1417 ἄλλοθεν
562 1376 687 1419 ἄλλος
711 1377 948 1422 ἀνασταδόν,
977 1377 1017 1417 ἔκ
1043 1376 1074 1415 τ’
1102 1376 1271 1427 ἐρέοντο·

150 1446 301 1494 πρῶτος
327 1442 359 1482 δ’
386 1442 598 1495 ἐξερέεινεν
624 1442 724 1493 ἄναξ
746 1444 897 1494 ἀνδρῶν
923 1442 1194 1495 Ἀγαμέμνων·

152 1511 177 1526 “
193 1509 269 1549 εἴπ’
294 1509 364 1560 ἄγε
388 1509 439 1559 μ’,
467 1508 496 1549 ὦ
522 1509 701 1549 πολύαιν’
727 1509 906 1554 Ὀδυσεῦ,
934 1509 1035 1560 μέγα
1062 1512 1172 1550 κῦδος
1198 1509 1382 1562 Ἀχαιῶν,

149 1574 173 1625 ἤ
195 1574 234 1627 ῥ’
261 1574 390 1615 ἐθέλει
415 1575 582 1625 νήεσσιν
607 1575 839 1626 ἀλεξέμεναι
865 1575 974 1625 δήϊον
1000 1578 1086 1627 πῦρ,

1231 1640 1252 1654 '²

151 1640 174 1691 ἦ
199 1641 374 1688 ἀπέειπε,
402 1643 524 1695 χόλος
549 1641 581 1681 δ’
607 1641 660 1682 ἔτ’
686 1642 769 1695 ἔχει
793 1641 1046 1694 μεγαλήτορα
1071 1642 1211 1692 θυμόν;
1405 1645 1467 1683 675

214 1708 296 1748 Τὸν
321 1708 353 1748 δ’
379 1709 472 1749 αὖτε
498 1707 710 1760 προσέειπε
734 1709 935 1749 πολύτλας
961 1711 1041 1750 δῖος
1067 1707 1299 1749 Ὀδυσσεύς·

154 1776 178 1793 “
194 1774 372 1827 Ἀτρείδη
400 1776 568 1820 κύδιστε,
596 1774 698 1825 ἄναξ
719 1775 869 1826 ἀνδρῶν
893 1773 1155 1826 Ἀγάμεμνον,

153 1841 277 1883 κεῖνός
301 1841 338 1893 γ’
364 1841 431 1881 οὐκ
458 1841 587 1881 ἐθέλει
613 1840 794 1892 σβέσσαι
819 1841 956 1894 χόλον,
985 1840 1075 1880 ἀλλ’
1103 1841 1159 1880 ἔτι
1183 1843 1336 1891 μᾶλλον

151 1907 417 1958 πιμπλάνεται
440 1907 589 1958 μένεος,
618 1909 665 1948 σὲ
691 1907 723 1947 δ’
750 1908 950 1947 ἀναίνεται
974 1907 1041 1956 ἠδὲ
1068 1908 1121 1946 σὰ
1146 1910 1260 1958 δῶρα.

152 1973 268 2014 αὐτόν
294 1991 342 2014 σε
367 1973 588 2026 φράζεσθαι
614 1975 655 2014 ἐν
681 1973 923 2025 Ἀργείοισιν
950 1973 1100 2025 ἄνωγεν
1409 1975 1471 2006 680

152 2040 285 2082 ὅππως
311 2057 376 2081 κεν
401 2040 495 2091 νῆάς
519 2058 561 2081 τε
587 2043 693 2094 σαῷς
720 2040 780 2080 καὶ
804 2039 902 2080 λαὸν
928 2040 1114 2092 Ἀχαιῶν·

153 2105 266 2148 αὐτὸς
290 2106 323 2147 δ’
345 2106 565 2157 ἠπείλησεν
591 2106 654 2157 ἅμ’
679 2107 746 2156 ἠοῖ
767 2105 1037 2158 φαινομένηφι

152 2174 244 2222 νῆας
270 2173 514 2224 ἐϋσσέλμους
540 2172 652 2213 ἅλαδ’
681 2172 844 2223 ἑλκέμεν
870 2173 1152 2224 ἀμφιελίσσας.

154 2238 214 2278 καὶ
240 2239 272 2278 δ’
297 2238 343 2279 ἂν
368 2243 449 2280 τοῖς
473 2239 659 2279 ἄλλοισιν
686 2241 762 2291 ἔφη
790 2237 1147 2290 παραμυθήσασθαι

198 2334 259 2372 654
284 2333 349 2374 τοι]
374 2347 428 2373 μιν
453 2333 550 2364 Plato
574 2333 594 2364 l.
611 2344 633 2364 c.
780 2335 843 2372 657
869 2332 1037 2372 λείψαντες
1062 2330 1121 2361 Ar.
1147 2328 1249 2360 altera
1273 2329 1325 2359 ed.
1354 2328 1418 2360 (xa)
1445 2330 1478 2359 ἐν

153 2380 290 2409 πολλαῖς
314 2381 379 2409 τῶν
404 2377 560 2418 ἀρχαίων)
709 2378 773 2407 660
807 2378 847 2408 ὡς
875 2374 1043 2414 ἐκέλευσε]
1074 2372 1278 2414 ἐγκονέουσαι
1306 2372 1386 2402 Zen.

153 2420 216 2458 664
240 2424 284 2460 τῷ
308 2422 342 2452 δὲ
366 2421 447 2460 γυνὴ
467 2420 646 2461 παρέλεκτο
675 2420 776 2460 Κάειρ’
800 2419 839 2456 ἢν
864 2419 944 2449 Zen.
1088 2418 1148 2455 674
1177 2415 1365 2455 ἀμυνέμεναι
1390 2417 1477 2451 cgh

239 2464 299 2492 681
335 2467 418 2504 σαῷς
442 2469 475 2494 et
499 2467 578 2503 σοῷς
600 2462 657 2494 ΑΓ.
686 2464 827 2503 ιδιχιῖις)ῖ
861 2462 940 2502 σόῳς
960 2459 1013 2491 L17
1027 2460 1071 2490 Pa
1083 2459 1137 2490 ΥΠ
1151 2458 1205 2489 V¹⁴
1223 2471 1228 2489 2
1261 2458 1342 2499 σᾶῳς
1360 2458 1402 2488 Vr}
1412 2456 1476 2487 V‘3:

155 2505 230 2547 σόῃς
247 2506 333 2545 vulg.
350 2518 354 2536 :
382 2506 467 2539 σόοις
485 2517 503 2537 e
517 2506 556 2537 I.3
568 2506 607 2536 L*
