1660 2802
681 143 716 177 6.
795 137 1046 175 ΙᾹΙΑΔΟΣ
1096 138 1126 174 Ζ

236 243 383 295 Τρώων
409 243 472 283 καὶ
496 243 651 282 Λυκίων
677 240 911 294 ἐγκέκλιται,
939 239 1062 281 οὕνεκ’
1088 239 1242 292 ἄριστοι

236 312 370 350 πᾶσαν
397 308 567 350 ἐπ”ἰθύν
593 310 685 348 ἐστε
709 307 913 360 μάχεσθαί
934 323 976 348 τε
1000 306 1184 359 φρονέειν
1206 323 1262 352 τε,

238 375 348 426 στῆτ’
374 375 503 421 αὐτοῦ,
533 375 594 415 καὶ
618 374 718 414 λαὸν
744 373 948 425 ἐρυκάκετε
973 372 1047 425 πρὸ
1071 372 1235 414 πυλάων

236 442 364 497 πάντῃ
390 442 654 494 ἐποιχόμενοι,
682 441 772 492 πρὶν
798 439 879 480 αὖτ’
907 441 949 480 ἐν
974 441 1091 492 χερσὶ
1116 442 1310 491 γυναικῶν

237 509 458 560 φεύγοντας
483 506 657 552 πεσέειν,
686 506 834 556 δηΐοισι
859 508 900 546 δὲ
925 505 1058 559 χάρμα
1081 505 1281 558 γενέσθαι.

237 574 357 627 αὐτὰρ
383 574 470 614 ἐπεί
494 591 535 614 κε
560 573 774 625 φάλαγγας
800 573 1062 624 ἐποτρύνητον
1087 571 1258 617 ἁπάσας,

235 642 346 691 ἡμεῖς
370 642 442 690 μὲν
470 643 667 680 Δαναοῖσι
691 638 941 693 μαχησόμεθ’
968 639 1055 678 αὖθι
1078 638 1274 689 μένοντες,

238 708 299 747 καὶ
324 706 432 757 μάλα
456 707 677 759 τειρόμενοί
700 722 786 757 περ·
825 706 1016 757 ἀναγκαίη
1042 707 1118 757 γὰρ
1145 705 1305 756 ἐπείγει·

231 773 389 825 ''Em-op,
417 774 513 824 ἀτὰρ
539 773 589 812 σὺ
615 773 779 813 πόλινδε
803 771 1003 825 μετέρχεο,
1032 773 1115 812 εἰπὲ
1141 770 1173 810 δ’
1199 771 1334 811 ἔπειτα

236 839 372 891 μητέρι
398 845 450 896 σῇ
476 840 538 880 καὶ
564 841 649 895 ἐμῇ·
688 839 710 889 ἡ
739 840 778 879 δὲ
806 837 1031 890 ξυνάγουσα
1055 839 1215 890 γεραιὰς

237 906 330 957 νηὸν
355 906 567 956 Ἀθηναίης
593 905 867 958 γλαυκώπιδος
892 906 934 945 ἐν
959 905 1074 945 πόλει
1099 903 1210 960 ἄκρῃ,

237 972 381 1023 οἴξασα
407 966 535 1023 κληῗδι
560 972 677 1024 θύρας
706 974 824 1022 ἱεροῖο
850 971 996 1022 δόμοιο,

237 1039 402 1085 πέπλον,
431 1041 473 1081 ὅς
498 1041 533 1079 οἱ
559 1038 685 1078 δοκέει
711 1037 972 1091 χαριέστατος
995 1037 1063 1087 ἠδὲ
1086 1036 1277 1088 μέγιστος

238 1106 336 1146 εἶναι
363 1106 419 1145 ἐνὶ
443 1104 600 1159 μεγάρῳ
627 1105 692 1144 καί
717 1107 752 1145 οἱ
778 1104 879 1144 πολὺ
905 1106 1096 1156 φίλτατος
1121 1102 1230 1159 αὐτῇ,

238 1175 361 1212 θεῖναι
387 1171 599 1222 Ἀθηναίης
624 1172 687 1212 ἐπὶ
716 1172 906 1223 γούνασιν
932 1170 1130 1221 ἠϋκόμοιο,

239 1240 303 1278 καί
326 1240 360 1278 οἳ
380 1237 633 1291 ὑποσχέσθαι
660 1239 889 1278 δυοκαίδεκα
914 1240 1011 1287 βοῦς
1036 1236 1094 1276 ε’νὶ
1120 1240 1198 1291 νηῷ

237 1305 321 1355 ἤνις
345 1304 514 1355 ἠκέστας
540 1304 780 1356 ἱερευσέμεν,
809 1305 851 1344 αἴ
873 1303 905 1343 κ’
932 1301 1079 1359 ἐλεήσῃ

238 1372 338 1411 ἄστυ
362 1388 404 1412 τε
431 1372 493 1411 καὶ
517 1371 665 1422 Τρώων
692 1371 864 1423 ἀλόχους
891 1370 952 1410 καὶ
978 1368 1096 1420 νήπια
1121 1368 1250 1414 τέκνα,

239 1439 290 1480 ὥς
316 1455 381 1479 κεν
406 1437 552 1479 Τυδέος
576 1437 661 1478 υἱὸν
687 1438 849 1493 ἀπόσχῃ
876 1436 996 1476 Ἰλίου
1021 1438 1115 1488 ἱρῆς,

240 1504 375 1557 ἄγριον
401 1503 608 1557 αἰχμητήν,
638 1503 823 1555 κρατερὸν
848 1502 1039 1555 μήστωρα
1064 1503 1226 1554 φόβοιο,

239 1571 283 1611 ὒν
308 1571 352 1621 δὴ
380 1572 457 1623 ἐγὼ
483 1570 693 1623 κάρτιστον
721 1569 897 1623 Ἀχαιῶν
925 1575 1025 1621 φημι
1050 1570 1250 1621 γενέσθαι.

240 1638 319 1678 οὐδ’
345 1637 516 1690 Ἀχιλῆά
543 1637 629 1677 ποθ’
655 1636 730 1676 ὧδέ
757 1636 792 1689 γ’
819 1637 1022 1687 ἐδείδιμεν,
1051 1638 1228 1689 ὄρχαμον
1253 1636 1416 1687 ἀνδρῶν,

239 1706 283 1744 ὅν
309 1703 379 1756 πέρ
406 1710 510 1756 φασι
535 1707 625 1745 θεᾶς
650 1702 696 1753 ἐξ
718 1703 893 1754 ἔμμεναι·
934 1702 1025 1742 ἀλλ’
1051 1704 1117 1742 ὅδε
1141 1704 1232 1752 λίην

239 1772 431 1821 μαίνεται,
459 1770 547 1810 οὐδέ
572 1772 629 1811 τίς
654 1772 689 1810 οἱ
714 1770 873 1810 δύναται
900 1769 1017 1821 μένος
1043 1767 1328 1821 ἶσοφαρίζειν.”

301 1836 379 1879 ‘¹529
404 1837 532 1889 ἔφαθ’,
554 1836 710 1887 ΓΈκτωρ
736 1836 768 1875 δ’
795 1837 839 1876 οὔ
867 1853 904 1876 τι
930 1836 1154 1890 κασιγνήτῳ
1180 1836 1387 1885 ἀπίθησεν.

242 1904 378 1944 αὐτίκα
403 1903 436 1943 δ’
462 1902 507 1953 ἐξ
528 1902 654 1956 ὀχέων
680 1903 754 1943 σὺν
782 1903 968 1956 τεύχεσιν
995 1903 1092 1942 ’ἆλτο
1117 1902 1281 1955 χαμᾶζε,

240 1970 406 2011 πάλλων
432 1970 462 2009 δ’
489 1968 582 2019 ὀξέα
607 1972 724 2021 δοῦρα
751 1971 847 2009 κατὰ
873 1969 1043 2022 στρατὸν
1071 1967 1193 2023 ᾤχετο
1217 1967 1356 2024 πάντῃ,

240 2037 409 2088 ὀτρύνων
433 2036 702 2089 μαχέσασθαι,
732 2037 859 2088 ἔγειρε
885 2038 926 2076 δὲ
952 2036 1128 2088 φύλοπιν
1152 2034 1278 2084 αἰνήν.

241 2106 275 2144 οἱ
301 2103 333 2142 δ’
359 2104 632 2155 ἐλελίχθησαν
658 2103 719 2142 καὶ
749 2103 917 2143 ἐναντίοι
943 2102 1064 2142 ἔσταν
1089 2101 1275 2155 Ἀχαιῶν·

241 2170 414 2222 Ἀργεῖοι
439 2169 471 2208 δ’
496 2170 774 2222 ὑπεχώρησαν,
803 2167 928 2219 λῆξαν
954 2171 995 2209 δὲ
1022 2169 1174 2221 φόνοιο,

241 2238 322 2288 φὰν
348 2236 390 2277 δέ
415 2235 487 2276 τιν’
514 2235 718 2276 ἀθανάτων
746 2235 791 2286 ἐξ
813 2235 977 2286 οὐρανοῦ
1003 2235 1261 2286 ἀστερόεντος

1522 377 1564 407 80

1523 1047 1567 1078 90

1525 1379 1566 1411 95

1504 1713 1566 1735 100

1507 2045 1564 2075 ¹05

280 2333 323 2362 86
347 2333 500 2371 μετ-οἴχεο
517 2343 547 2362 v.
565 2332 584 2362 l.
607 2343 657 2371 ap.
681 2332 773 2362 Eust.
791 2331 833 2361 Vl
989 2332 1029 2369 87
1053 2331 1198 2370 γεραιρὲις
1219 2340 1249 2360 v.
1268 2330 1288 2360 l.
1306 2334 1374 2359 ant.
1395 2339 1402 2358 ἒ
1426 2329 1560 2369 ’γεραρὰς

240 2375 290 2406 P¹¹
305 2375 363 2406 ΨΒ
538 2377 582 2414 96
607 2377 646 2407 ὥς
664 2389 718 2407 κεν
735 2376 792 2406 ΛΓ.
807 2375 861 2405 fB
875 2374 900 2405 C
915 2373 962 2404 Μτ
975 2373 1039 2403 Μ13
1053 2373 1099 2403 Οῦ
1110 2371 1166 2403 V'l
1179 2370 1329 2403 V‘3“'V*3‘³:
1353 2374 1388 2404 αἴ
1401 2385 1455 2403 κεν
1472 2371 1557 2410 vulg.

1208 2415 1248 2434 Ἰθμ]

330 2429 388 2458 105
412 2418 590 2459 μαχέεσθαι
610 2423 663 2449 eh
681 2419 734 2449 cit.
761 2419 851 2449 Eust.
873 2430 878 2448 z
901 2418 1100 2458 μαχέσεσθαι
1119 2416 1207 2446 Vm&
