1670 2828
619 151 652 182 4.
726 143 983 180 MIAAOE
1033 145 1066 179 Δ

184 246 289 295 ὄφρα
313 246 396 299 ἰ’ὀῃς
424 245 633 286 Μενέλαον
658 244 793 297 ἀρήϊον
819 245 941 298 ἀρχὸν
966 245 1151 298 Ἀχαιῶν,
1442 261 1502 290 205

184 311 228 349 ὅν
253 327 310 351 τις
337 311 547 353 ὀϊστεύσας
573 312 735 361 ἔβαλεν,
762 310 888 362 τόξων
911 310 954 353 ἐὺ·
980 313 1101 358 εἰδώς,

184 376 328 427 Τρώων
353 374 375 426 ἦ
401 378 564 423 Λυκίων,
592 382 644 432 τῷ
669 380 739 429 μὲν
766 377 892 424 κλέος,
919 378 1015 429 ἄμμι
1040 381 1081 420 δὲ
1104 378 1286 421 πένθος.”

246 440 324 484 “535
351 442 465 494 φάτο,
493 448 543 498 τῷ
571 444 602 483 δ’
629 444 704 495 ἄρα
727 444 849 494 θυμὸν
875 445 932 485 ε’νὶ
958 444 1178 495 στήθεσσιν
1203 447 1319 497 ὄρινε·

182 510 262 557 βὰν
288 508 321 547 δ’
350 508 449 549 ἰέναι
474 509 558 549 καθ’
583 512 723 560 ὅμιλον
748 512 822 550 ἀνὰ
848 511 1018 563 στρατὸν
1043 511 1154 563 εὐρὺν
1179 511 1365 565 Ἀχαιῶν.

182 573 273 614 ἀλλ’
299 575 362 615 ὅτε
388 574 432 624 δή
457 575 497 626 ῥ’
523 577 656 616 ἵκανον
680 577 741 616 ὅθι
766 576 907 626 ξανθὸς
932 577 1139 619 Μενέλαος
1443 591 1501 614 210

179 639 381 690 βλήμενος
407 640 466 691 ἦν,
494 643 582 694 περὶ
607 643 638 682 δ’
665 643 782 698 αὐτρν
810 645 1021 697 ἀγηγέραθ’
1048 647 1168 686 ὅσσοι
1193 646 1345 698 ἄριστοι

182 707 354 752 κυκλόσ’,
383 708 402 746 ὁ
428 707 460 746 δ’
485 709 526 747 ἐν
549 707 742 758 μέσσοισι
767 709 985 760 παρίστατο
1011 709 1167 750 ἰσόθεος
1193 710 1290 761 φώς,

180 772 315 812 αὐτίκα
341 773 373 812 δ’
400 775 443 813 ἐκ
469 774 665 825 ζωστῆρος
691 775 876 826 ἀρηρότος
902 776 1016 816 ἕλκεν
1040 776 1189 816 ὀϊστόν·

179 843 247 878 τοῦ
273 838 305 878 δ’
332 838 604 890 ἐξελκομένοιο
629 840 750 881 πάλιν
774 840 870 892 ἄγεν
895 840 1002 891 ὀξέες
1026 843 1148 893 ὄγκοι.

179 908 279 946 λῦσε
304 905 346 946 δέ
370 908 405 946 οἱ
433 907 611 958 ζωστῆρα
636 908 854 947 παναίολον
879 907 938 957 ἡδ’
963 907 1150 960 ὑπένερθε
1440 922 1496 953 215

181 970 285 1022 ζῶμά
309 989 351 1012 τε
377 972 439 1012 καὶ
462 973 613 1025 μίτρην,
640 973 711 1024 τὴν
736 976 908 1027 χαλκῆες
934 973 1056 1025 κάμον
1081 974 1229 1026 ἄνδρες.

177 1037 298 1089 αὐτὰρ
323 1038 408 1079 ἐπεὶ
432 1040 514 1079 ἵδεν
539 1040 665 1086 ἕλκος,
692 1040 749 1079 ὅθ’
775 1040 923 1091 ἔμπεσε
947 1040 1082 1092 πικρὸς
1105 1041 1252 1087 ὀϊστός,

177 1103 257 1154 αἷμ’
278 1104 496 1155 ἐκμυζήσας
522 1106 581 1146 ἐπ’
608 1106 666 1157 ἄρ’
691 1106 786 1157 ἤπια
812 1107 999 1159 φάρμακα
1024 1108 1134 1149 εἰδὼς

177 1169 324 1217 πάσσε,
351 1171 399 1211 τά
424 1173 464 1212 οἵ
485 1189 579 1213 ποτε
603 1173 719 1224 πατρὶ
745 1174 846 1225 φίλα
871 1173 1050 1225 φρονέων
1075 1174 1170 1225 πόρε
1196 1174 1362 1226 Χείρων.

238 1235 377 1289 ”Οφρα
400 1239 459 1278 τοὶ
484 1239 758 1291 ἀμφεπένοντο
782 1240 886 1290 βοὴν
911 1240 1059 1292 ἀγαθὸν
1085 1240 1307 1287 Μενέλαον,
1436 1254 1497 1276 220

176 1304 305 1355 τόφρα
329 1304 362 1344 δ’
387 1305 450 1344 ἐπὶ
475 1306 620 1357 Τρώων
646 1307 782 1359 στίχες
809 1306 953 1357 ἤλυθον
980 1306 1228 1347 ἀσπιστάων·

176 1371 210 1409 οἱ
235 1369 267 1409 δ’
294 1371 401 1412 αὖτις
428 1374 522 1411 κατὰ
547 1372 674 1426 τεύχε’
700 1373 799 1418 ἔδυν,
826 1372 1027 1423 μνήσαντο
1053 1375 1092 1413 δὲ
1117 1373 1282 1427 χάρμης.

238 1435 349 1477 ’Ἔνθ’
374 1438 442 1478 οὐκ
467 1438 514 1478 ἂν
539 1440 726 1490 βρίζοντα
751 1441 847 1481 ἴδοις
873 1439 1148 1491 Ἀγαμέμνονα
1173 1443 1267 1485 δῖον,

175 1502 261 1543 οὐδὲ
287 1505 623 1551 καταπτώσσοντ’,
650 1506 729 1547 οὐδ’
756 1506 823 1546 οὐκ
850 1505 1037 1546 ἐθέλοντα
1060 1506 1272 1560 μάχεσθαι,

174 1569 278 1609 ἀλλὰ
301 1569 408 1620 μάλα
433 1572 654 1612 σπεύδοντα
677 1572 809 1626 μάχην
835 1574 874 1614 ἐς
900 1572 1154 1624 κυδιάνειραν.
1434 1587 1494 1618 225

173 1636 314 1678 ἵππους
336 1638 407 1686 μὲν
433 1639 507 1689 γὰρ
531 1638 625 1679 ἔασε
651 1638 713 1678 καὶ
737 1637 888 1690 ἅρματα
914 1639 1074 1680 ποικίλα
1098 1641 1244 1694 χαλκῷ·

174 1701 236 1741 καὶ
259 1702 348 1744 τοὺς
371 1705 443 1753 μὲν
467 1703 646 1755 θεράπων
670 1704 855 1745 ἀπάνευθ’
880 1705 949 1759 ἔχε
973 1707 1224 1758 φυσιόωντας

175 1767 416 1819 Εὐρυμέδων,
444 1769 525 1812 υἱὸς
552 1772 802 1821 Πτολεμαίου
828 1772 1054 1823 Πειραΐδαο·

171 1837 223 1887 τῷ
247 1833 355 1884 μάλα
379 1836 498 1876 πόλλ’
524 1836 713 1878 ἐπέτελλε
738 1838 996 1892 παρισχέμεν,
1025 1840 1173 1880 ὁππότε
1199 1838 1265 1880 κέν
1288 1855 1355 1890 μιν

171 1903 260 1950 γυῖα
284 1900 393 1957 λάβῃ
420 1901 599 1952 κάματος,
627 1902 777 1946 πολέας
802 1906 864 1945 διὰ
891 1905 1153 1956 κοιρανέοντα·
1431 1918 1492 1949 230

170 1965 289 2018 αὐτὰρ
315 1967 335 2006 ὁ
359 1968 473 2018 πεζὸς
498 1970 572 2009 ἐὼν
600 1972 843 2011 ἐπεπωλεῖτο
870 1972 1013 2025 στίχας
1037 1972 1200 2024 ἀνδρῶν·

171 2033 236 2072 καί
254 2032 294 2084 ῥ’
320 2033 385 2076 οὓς
408 2037 480 2085 μὲν
507 2037 749 2079 σπεύδοντας
775 2039 851 2078 ἴδοι
877 2042 1046 2078 Δαναῶν
1070 2038 1328 2092 ταχυπώλων,

169 2098 257 2141 τοὺς
280 2099 387 2150 μάλα
412 2103 656 2153 θαρσύνεσκε
683 2104 973 2156 παριστάμενος
998 2103 1201 2145 ἐπέεσσιν·

210 2199 272 2228 205
297 2192 346 2232 ἴδῃ
364 2190 422 2222 Ar.
442 2193 766 2226 ehikABCTVl
785 2196 826 2227 al.
1026 2199 1127 2239 ἀρχὸν
1144 2201 1284 2239 Ἀχαιῶν
1300 2201 1492 2232 ceiABC

167 2231 195 2261 T
217 2232 258 2263 al.
279 2244 286 2263 :
322 2233 449 2273 Ἀτρέος
475 2236 541 2267 υἱόν
567 2238 654 2276 vulg.
850 2249 912 2270 212
944 2239 1060 2273 κύκλος
1089 2241 1173 2273 An:
1214 2242 1373 2285 κύκλοσφ’
1389 2245 1494 2276 1Vi⁵:

166 2276 308 2307 κυκλῶσ’
325 2275 386 2306 V²2
490 2289 552 2317 213
578 2280 604 2312 δ’
623 2281 674 2321 ἐκ]
694 2281 729 2313 δὲ
747 2281 793 2330 ᾨ4
898 2284 962 2313 218
988 2283 1051 2323 αἷμ’
1070 2284 1285 2325 ἐκμυζήσαντ’
1303 2287 1356 2319 ἐπί
1370 2288 1399 2319 τ’
1417 2290 1495 2326 ἤπια

165 2318 302 2360 φάρμακ’
320 2319 464 2353 ἔπασσον
489 2321 571 2353 Plat.
595 2333 665 2363 rep.
685 2326 748 2363 408
765 2325 795 2355 A
814 2327 893 2366 (om.
917 2337 989 2366 219,
1011 2328 1079 2367 uv.)
1098 2339 1104 2358 :
1130 2330 1180 2360 ἐπὶ
1198 2329 1225 2360 δ’
1243 2331 1320 2367 ἤπια
1343 2330 1492 2372 φάρμακα

167 2361 271 2395 πάσσε
291 2362 376 2395 Plut.
397 2364 451 2395 vit.
475 2364 575 2396 Hom.
597 2378 625 2397 2.
648 2378 684 2398 21
695 2378 705 2398 1
888 2380 951 2409 229
975 2370 1175 2412 παρισχέμεν
1190 2382 1209 2403 e
1219 2371 1274 2403 fA
1287 2372 1313 2403 B
1325 2373 1353 2404 T
1365 2373 1422 2404 Vi²
1434 2373 1491 2405 Vis’

166 2405 206 2436 al.
224 2416 230 2435 :
255 2406 463 2448 παρασχέμεν
480 2409 567 2448 vulg.
