1660 2802
598 128 657 162 12.
732 123 989 160 ΙΛΙΑΔΟΣ
1039 124 1080 160 M

177 226 227 267 ὣς
252 225 375 275 ἡμεῖς,
403 226 438 265 εἴ
463 224 534 276 πέρ
559 242 600 265 τε
625 225 752 266 πύλας
778 226 838 265 καὶ
863 229 994 278 τεῖχος
1018 224 1193 278 Ἀχαιῶν

174 289 371 343 ῥηξόμεθα
396 291 532 332 σθένεϊ
554 290 728 346 μεγάλῳ,
756 289 893 341 εἴξωσι
918 291 950 331 δ’
975 291 1144 344 Ἀχαιοί,

175 357 220 397 οὐ
247 358 379 412 κόσμῳ
405 359 510 409 παρὰ
536 361 680 410 ναῦφιν
705 357 936 408 ἐλευσόμεθ’
963 357 1059 398 αὐτὰ
1085 358 1261 398 κέλευθα·
1439 371 1501 401 225

177 423 351 465 πολλοὺς
376 425 450 475 γὰρ
475 424 623 476 Τρώων
651 424 955 476 καταλείψομεν,
984 425 1047 465 οὕς
1073 441 1138 465 κεν
1162 423 1321 477 Ἀχαιοὶ

177 493 314 544 χαλκῷ
340 490 555 546 δῃώσωσιν
581 491 817 541 ἀμυνόμενοι
841 491 928 542 περὶ
954 494 1068 540 νηῶν.

178 555 252 597 ὧδέ
276 555 314 610 χ’
338 557 588 608 ὑποκρίναιτο
615 557 845 609 θεοπρόπος,
872 555 916 598 ὃς
941 556 1056 609 σάφα
1080 559 1187 612 θυμῷ

179 624 297 672 εἰδείη
323 622 472 675 τεράων
498 624 566 663 καί
587 624 623 664 οἱ
649 624 850 663 πειθοίατο
874 622 1005 663 λαοί.”

245 688 326 729 Τὸν
351 688 384 729 δ’
405 688 463 742 ἄρ’
482 690 631 741 ὑπόδρα
657 690 748 729 ἰδὼν
768 688 952 741 προσέφη
981 690 1234 741 κορυθαίολος
1245 687 1415 742 ‘'Em-cop·
1443 703 1506 734 230

181 758 206 774 “
224 755 476 806 Πουλυδάμα,
505 756 555 796 σὺ
579 757 652 806 μὲν
678 755 802 796 οὐκέτ’
828 756 913 806 ἐμοὶ
937 757 1039 808 φίλα
1062 755 1167 795 ταῦτ’
1193 756 1404 808 ἀγορεύεις·

180 821 299 861 οἶσθα
323 823 385 863 καὶ
410 822 536 863 ἄλλον
560 824 681 872 μῦθον
708 823 894 872 ἀμείνονα
917 825 1029 864 τοῦδε
1053 824 1209 872 νοῆσαι.

182 890 214 929 εἰ
240 887 272 928 δ’
299 888 409 929 ἐτεὸν
433 888 480 939 δὴ
505 892 643 929 τοῦτον
669 888 745 929 ἀπὸ
772 890 945 938 σπουδῆς
970 888 1181 941 ἀγορεύεις,

181 952 229 1004 ἐξ
248 953 323 1005 ἄρα
346 953 391 1005 δή
417 972 476 995 τοι
501 954 636 996 ἔπειτα
662 955 742 995 θεοὶ
769 954 918 1006 φρένας
942 955 1100 996 ὤλεσαν
1125 953 1246 1000 αὐτοί,

182 1020 224 1063 ὃς
249 1020 382 1062 κέλεαι
407 1021 532 1071 Ζηνὸς
555 1023 627 1072 μὲν
653 1022 899 1073 ἐριγδούποιο
921 1021 1119 1062 λαθέσθαι
1446 1033 1507 1063 235

183 1086 376 1137 βουλέων,
404 1086 449 1129 ἃς
471 1087 514 1129 τέ
537 1104 602 1138 μοι
628 1087 744 1129 αὐτὸς
768 1087 966 1140 ὑπέσχετο
992 1089 1054 1128 καὶ
1080 1086 1302 1128 κατένευσε·

183 1153 275 1203 τύνη
302 1153 334 1194 δ’
360 1155 536 1194 οἰωνοῖσι
561 1154 902 1205 τανυπτερύγεσσι
928 1155 1099 1195 κελεύεις

184 1221 404 1265 πείθεσθαι,
432 1223 509 1260 τῶν
534 1220 579 1260 οὕ
603 1237 641 1260 τι
664 1219 925 1271 μετατρέπομ’
951 1220 1030 1261 οὐδ’
1056 1220 1237 1272 ἀλεγίζω,

185 1285 253 1326 εἴτ’
278 1287 342 1326 ἐπὶ
367 1285 466 1336 δεξί’
491 1288 583 1326 ἴωσι
607 1286 704 1338 πρὸς
728 1286 782 1336 ἠῶ
809 1285 841 1325 τ’
865 1286 1000 1336 ἠέλιόν
1024 1303 1079 1332 τε,

185 1351 253 1392 εἴτ’
279 1351 339 1392 ἐπ’
365 1353 554 1404 ἀριστερὰ
578 1354 641 1393 τοί
662 1369 708 1404 γε
733 1353 822 1393 ποτὶ
849 1353 971 1404 ζόφον
995 1353 1194 1404 ἠερόεντα.
1448 1365 1511 1395 240

185 1418 295 1469 ἡμεῖς
320 1420 361 1458 δὲ
386 1418 577 1470 μεγάλοιο
604 1418 701 1461 Διὸς
725 1419 948 1469 πειθώμεθα
972 1423 1113 1475 βουλῇ,

186 1484 227 1526 ὃς
251 1487 351 1525 πᾶσι
377 1487 556 1535 θνητοῖσι
582 1486 644 1526 καὶ
670 1484 927 1525 ἀθανάτοισιν
952 1484 1135 1526 ἀνάσσει.

187 1552 241 1592 εἷς
265 1550 402 1593 οἰωνὸς
426 1551 587 1602 ἄριστος
612 1552 830 1602 ἀμύνεσθαι
854 1553 942 1603 περὶ
966 1551 1126 1603 πάτρης.

185 1618 297 1658 τίπτε
322 1618 371 1657 σὺ
397 1618 586 1660 δείδοικας
610 1619 786 1669 πόλεμον
813 1619 874 1658 καὶ
899 1621 1102 1669 δηϊοτῆτα;

189 1684 224 1723 εἴ
247 1700 320 1735 περ
344 1682 418 1735 γάρ
442 1683 474 1723 τ’
501 1684 619 1725 ἄλλοι
643 1701 689 1736 γε
713 1685 800 1736 περὶ
827 1684 1065 1734 κτεινώμεθα
1089 1683 1232 1726 πάντες
1450 1696 1510 1727 245

187 1750 327 1799 νηυσὶν
354 1749 413 1790 ἐπ’
438 1749 642 1802 Ἀργείων,
669 1751 734 1790 σοὶ
759 1750 791 1790 δ’
817 1750 862 1790 οὐ
886 1750 971 1792 δέος
997 1750 1080 1790 ἔστ’
1106 1750 1343 1791 ἀπολέσθαι·

189 1815 232 1855 οὐ
257 1815 331 1868 γάρ
355 1833 414 1856 τοι
440 1817 574 1869 κραδίη
599 1816 803 1867 μενεδήϊος
827 1816 915 1857 οὐδὲ
937 1816 1143 1869 μαχήμων.

189 1883 223 1923 εἰ
247 1884 288 1922 δὲ
314 1883 363 1923 σὺ
388 1885 591 1933 δηϊοτῆτος
616 1883 794 1935 ἀφέξεαι,
821 1882 867 1933 ἠέ
891 1883 963 1923 τιν’
988 1883 1114 1923 ἄλλον

189 1948 444 2001 παρφάμενος
469 1948 659 1990 ἐπέεσσιν
684 1949 923 2001 ἀποτρέψεις
948 1949 1150 1999 πολέμοιο,

189 2014 311 2055 αὐτίκ’
338 2017 415 2069 ἐμῷ
440 2014 515 2055 ὑπὸ
540 2016 645 2067 δουρὶ
671 2017 802 2058 τυπεὶς
828 2015 904 2056 ἀπὸ
930 2016 1050 2066 θυμὸν
1075 2014 1301 2056 ὀλέσσεις.”
1450 2027 1512 2056 250

249 2080 330 2124 ⁶529
355 2081 428 2132 ἄρα
455 2081 646 2133 φωνήσας
670 2081 860 2134 ἡγήσατο,
887 2083 946 2122 τοὶ
972 2081 1004 2121 δ’
1030 2081 1094 2132 ἅμ’
1119 2082 1261 2122 ἕποντο

189 2147 266 2204 ἠχῇ
293 2149 498 2203 θεσπεσίῃ·
538 2149 600 2188 ἐπὶ
626 2151 667 2188 δὲ
692 2149 789 2190 Ζεὺς
814 2148 1109 2200 τερπικέραυνος

231 2249 295 2277 230
318 2240 375 2271 τὸν
392 2241 418 2271 δ’
435 2237 580 2277 ἠμείβετ’
600 2239 710 2271 ἔπειτα
727 2240 828 2280 μέγας
845 2239 924 2270 Zeu.
1115 2250 1173 2279 231
1203 2239 1416 2279 Πουλυδάμαν
1432 2240 1512 2270 Zeu.

187 2282 404 2320 Chamaeleo,
426 2280 479 2312 L¹S
590 2286 653 2320 246
678 2283 742 2324 ἐπ’]
762 2286 810 2314 ὑπ’
827 2284 907 2314 Zon.
929 2281 1054 2314 ῖΤΧῘ22
1074 2294 1080 2314 :
1106 2285 1175 2325 παρ’
1194 2283 1243 2314 Gf
1350 2293 1413 2322 249
1439 2284 1514 2315 ἀπο-

186 2328 312 2365 τρέψεις
330 2326 417 2364 Ang.
440 2324 522 2355 N⁴¹T
536 2325 581 2355 U⁸¹
595 2326 633 2356 V'
649 2327 729 2356 Vm:
757 2327 970 2368 ἀποστρέψεις
987 2332 1049 2357 cet.
1141 2326 1311 2367 πολέμοιο]
1330 2326 1514 2366 πολεμίζειν

187 2369 236 2399 Ge
251 2369 304 2399 Lu·
317 2369 359 2399 ΝἸι
372 2368 429 2399 Vis)
