1660 2802
658 115 717 150 10.
792 110 1051 150 ΙΛΙΑΔΟΣ
1100 111 1134 148 Κ

236 214 389 261 πρῶτον
413 210 534 253 ἔπειτ’
558 210 747 262 Ὀδυσῆα,
777 212 843 253 Διὶ
865 214 982 264 μῆτιν
1005 211 1240 259 ἀτάλαντον,

236 276 282 327 ἐξ
302 279 425 317 ὕπνου
450 277 626 329 ἀνέγειρε
652 277 836 331 Γερήνιος
862 279 1007 320 ἱππότα
1030 278 1201 332 Νέστωρ

235 342 520 395 φθεγξάμενος·
557 344 626 384 τὸν
650 344 681 383 δ’
707 345 808 396 αἶψα
834 345 921 397 περὶ
947 344 1093 397 φρένας
1118 345 1229 396 ἤλυθ’
1257 345 1339 397 ἰωή,

235 410 276 449 ἐκ
302 409 333 448 δ’
359 408 457 458 ἦλθε
482 411 637 461 κλισίης
664 412 730 451 καί
750 417 880 463 σφεας
906 411 1001 463 πρὸς
1024 410 1147 462 μῦθον
1171 413 1290 453 ἔειπε·
1491 427 1556 459 140

239 477 264 492 “
280 476 387 528 τίφθ’
412 477 509 516 οὕτω
535 478 632 516 κατὰ
657 479 752 527 νῆας
777 478 850 517 ἀνὰ
875 477 1045 529 στρατὸν
1071 478 1146 518 οἶοι
1171 480 1325 519 ἀλᾶσθε

234 541 353 582 νύκτα
377 542 425 582 δι’
450 543 689 594 ἀμβροσίην,
718 544 740 582 ὅ
763 560 800 584 τι
825 542 869 594 δὴ
896 545 1015 598 χρειὼ
1040 545 1162 586 τόσον
1185 547 1279 592 ‘lxm
1297 545 1320 560 ’³

299 608 380 648 Τὸν
405 608 436 648 δ’
461 609 639 659 ἠμείβετ’
665 610 800 650 ἔπειτα
825 610 1008 662 Γερήνιος
1034 612 1180 651 ἱππότα
1204 611 1386 666 Νέστωρ·

236 677 261 691 “
277 677 449 726 διογενὲς
474 675 706 727 Λαερτιάδη,
734 676 982 730 πολυμήχαν’
1007 677 1220 725 Ὀδυσσεῦ,

232 740 284 790 μὴ
309 740 469 791 νεμέσα·
508 745 615 782 τοῖον
639 744 713 794 γὰρ
737 742 835 797 ἄχος
859 744 1053 794 βεβίηκεν
1077 743 1277 798 Ἀχαιούς.
1494 759 1552 790 145

233 806 324 847 ἁλλ’
350 807 444 854 ἕπε’,
471 809 577 860 ὄφρα
603 810 664 849 καὶ
689 808 815 850 ἄλλον
842 811 1056 862 ἐγείρομεν,
1083 811 1127 851 ὅν
1151 810 1184 850 τ’
1211 810 1365 852 ἐπέοικε

232 875 384 923 βουλὰς
409 875 630 925 βουλεύειν,
660 872 682 925 ἢ
708 875 906 928 φευγέμεν
930 877 975 926 ἠὲ
998 876 1238 931 μάχεσθαι.”

292 938 372 982 Ἳὶς
397 940 505 992 φάθ’,
533 942 554 980 ὁ
580 944 620 982 δὲ
647 943 849 993 κλισίηνδε
877 943 970 983 κιὼν
994 944 1211 994 πολύμητις
1236 943 1460 986 Ὀδυσσεὺς

234 1008 415 1047 ποικίλον
441 1007 541 1059 ἀμφ’
568 1009 709 1059 ὤμοισι
736 1008 856 1050 σάκος
884 1009 986 1056 θέτο,
1012 1012 1068 1061 βῆ
1094 1012 1135 1050 δὲ
1158 1009 1242 1061 μετ’
1269 1009 1419 1052 αὐτούς.

232 1074 312 1123 βὰν
337 1073 368 1112 δ’
396 1074 458 1113 ἐπὶ
483 1075 671 1125 Τυδεΐδην
699 1075 912 1126 Διομήδεα·
950 1076 1018 1116 τὸν
1044 1076 1076 1115 δ’
1103 1077 1287 1130 ἐκίχανον
1493 1090 1554 1120 150

232 1139 341 1181 ἐκτὸς
367 1139 443 1180 ἀπὸ
469 1142 624 1191 κλισίης
650 1141 723 1181 σὺν
748 1142 946 1195 τεύχεσιν·
984 1143 1087 1195 ἀμφὶ
1111 1142 1143 1182 δ’
1169 1145 1315 1195 ἑταῖροι

233 1205 355 1252 εὗδον,
384 1206 459 1246 ὑπὸ
485 1208 624 1259 κρασὶν
649 1207 682 1247 δ’
709 1208 803 1261 ἔχον
829 1209 1011 1250 ἀσπίδας·
1050 1209 1172 1262 ἔγχεα
1196 1208 1239 1249 δέ
1264 1215 1365 1262 σφιν

231 1271 313 1324 ὄρθ’
341 1272 404 1312 ἐπὶ
430 1276 678 1325 σαυρωτῆρος
705 1273 890 1324 ἐλήλατο,
917 1277 1013 1324 τῆλε
1038 1277 1078 1315 δὲ
1104 1275 1253 1328 χαλκὸς

230 1338 357 1391 λάμφ’
383 1339 433 1380 ὥς
458 1357 499 1379 τε
527 1340 698 1392 στεροπὴ
724 1340 870 1392 πατρὸς
896 1342 1007 1384 Διός·
1045 1341 1165 1393 αὐτὰρ
1188 1342 1211 1381 ὅ
1234 1341 1270 1394 γ’
1295 1341 1398 1394 ἥρως

232 1404 320 1450 εὗδ’,
348 1405 422 1445 ὑπὸ
448 1405 479 1445 δ’
506 1407 679 1459 ἔστρωτο
704 1407 812 1458 ῥινὸν
837 1407 935 1458 βοὸς
960 1408 1186 1459 ἀγραύλοιο,
1490 1422 1550 1452 155

231 1471 350 1523 αὐτὰρ
374 1471 450 1513 ὑπὸ
476 1471 670 1525 κράτεσφι
695 1473 820 1523 τάπης
846 1473 1062 1514 τετάνυστο
1088 1476 1263 1527 φαεινός.

229 1537 296 1578 τὸν
323 1541 499 1589 παρστὰς
524 1538 700 1591 ἀνέγειρε
728 1539 911 1591 Γερήνιος
937 1542 1083 1580 ἱππότα
1108 1541 1289 1593 Νέστωρ,

229 1604 309 1654 λὰξ
331 1605 419 1645 ποδὶ
446 1605 620 1655 κινήσας,
648 1605 794 1658 ὤτρυνέ
818 1623 860 1647 τε
885 1607 1040 1648 νείκεσέ
1063 1607 1096 1647 τ’
1121 1607 1255 1658 ἄντην·

232 1674 256 1687 “
273 1671 397 1723 ἔγρεο,
425 1671 572 1713 Τυδέος
597 1672 667 1712 υἱέ·
705 1674 747 1713 τί
768 1672 969 1726 πάννυχον
993 1674 1116 1714 ὕπνον
1140 1675 1298 1721 ἀωτεῖς;

229 1738 296 1777 οὐκ
323 1737 419 1779 ἀίεις
445 1738 495 1779 ὡς
519 1741 651 1790 Τρῶες
678 1739 741 1779 ἐπὶ
767 1742 936 1794 θρωσμῷ
961 1742 1111 1781 πεδίοιο
1489 1743 1550 1776 160

228 1804 342 1854 ἤαται
366 1804 461 1858 ἄγχι
487 1809 597 1850 νεῶν,
625 1807 761 1858 ὀλίγος
787 1805 820 1845 δ’
845 1806 902 1846 ἔτι
927 1810 1053 1860 χῶρος
1079 1807 1224 1859 ἐρύκει,·
1244 1806 1266 1821 ”

289 1868 367 1912 “529
392 1870 501 1922 φάθ’,
529 1872 548 1911 ὁ
574 1871 607 1911 δ’
635 1871 680 1922 ἐξ
702 1873 839 1913 ὕπνοιο
862 1871 971 1923 μάλα
996 1877 1189 1925 κραιπνῶς
1215 1873 1420 1926 ἀνόρουσε,

229 1938 294 1976 καί
314 1953 380 1987 μιν
407 1937 597 1989 φωνήσας
623 1938 719 1979 ἔπεα
744 1940 957 1990 πτερόεντα
982 1940 1198 1991 προσηύδα·

230 2006 254 2020 “
272 2003 458 2056 σχέτλιός
484 2006 589 2050 ἐσσι,
617 2004 761 2057 γεραιέ·
799 2005 849 2045 σὺ
873 2007 945 2057 μὲν
971 2006 1092 2047 πόνου
1117 2007 1161 2047 οὔ
1185 2023 1281 2048 ποτε
1304 2005 1454 2058 λήγεις.

271 2104 327 2131 141
355 2094 452 2134 κατὰ]
472 2097 519 2126 ἐπὶ
538 2098 641 2126 iklo
653 2095 683 2126 A
699 2096 739 2127 al.
915 2107 974 2135 142
999 2098 1194 2139 ἀμβροσίην]
1213 2098 1365 2139 ὀρφναίην
1381 2108 1410 2128 V.
1425 2097 1444 2129 l.
1462 2098 1496 2128 in
1513 2097 1557 2136 A,

222 2137 263 2167 V1
276 2136 333 2167 Vm
487 2140 545 2176 146
583 2139 648 2171 ἕπε’
676 2139 732 2169 Ar.
762 2139 878 2171 TVlss:
916 2140 992 2172 ἕπευ
1015 2142 1103 2180 vulg.
1257 2150 1315 2180 153
1353 2143 1556 2182 σαυρωτῆρας

222 2181 398 2219 Aristoph.
522 2192 581 2220 154
607 2184 647 2214 ὥς
665 2184 694 2214 τ’
713 2185 875 2224 ἀστεροπὴ
892 2188 978 2214 abd
993 2194 1011 2214 e
1023 2184 1087 2221 gD
1099 2184 1127 2213 T
1144 2184 1184 2214 al.
1204 2196 1210 2214 z
1235 2185 1274 2216 ὡς
1292 2185 1454 2225 ἀστεροπὴ
1471 2188 1496 2215 Ῑι
1508 2182 1555 2213 R3

227 2234 287 2263 159
313 2225 403 2266 ἔγρεο
422 2230 453 2255 et
470 2225 563 2266 ὄρσεο
579 2226 637 2256 ΑΓ.
655 2227 782 2266 (διχῶς)
802 2237 808 2256 t
834 2226 926 2268 ὄρσεο
943 2230 1195 2264 dfiklnoqr
1207 2227 1236 2257 A
1250 2227 1295 2256 N⁴
1305 2226 1346 2257 V¹
1359 2226 1438 2258 Vm:
1463 2227 1555 2269 ἔγρεο

222 2273 285 2298 cet.
463 2279 553 2307 1593
577 2270 620 2308 μή
638 2283 687 2301 τις
705 2270 755 2301 σοὶ
774 2271 896 2301 εὕδοντι
913 2270 1100 2312 μεταφρένῳ
1119 2273 1152 2302 ἐν
1169 2270 1241 2312 δόρυ
1258 2271 1339 2311 πήξῃ
1359 2271 1433 2301 add.
1453 2270 1552 2310 Diog.

224 2311 335 2343 Laert.
356 2312 397 2341 vi.
420 2322 448 2341 2.
470 2314 490 2341 6
511 2312 562 2351 (z
579 2318 603 2343 Θ
616 2316 672 2352 95)
821 2315 875 2343 161
904 2314 931 2345 δ’
951 2314 1015 2355 ἔτι]
1035 2313 1071 2346 δέ
1086 2327 1121 2346 τε
1140 2314 1198 2345 ΑΓ.
1217 2318 1241 2344 h
1254 2313 1308 2344 L¹⁸
1321 2312 1373 2344 le·
1386 2312 1434 2344 ΜΤ
1447 2313 1492 2345 Ο6
1504 2314 1553 2344 T:

225 2355 252 2387 δ’
271 2355 331 2387 ἀπὸ
350 2359 452 2396 χῶρος
473 2356 574 2396 ἐέργει
593 2366 620 2386 ν.
634 2357 652 2387 l.
673 2356 705 2386 in
723 2356 753 2385 Α
