1629 2828
543 144 576 177 3.
651 140 909 176 ῘᾹΙΑΔΟΣ
958 141 986 176 Γ

108 243 230 287 αὐτός,
258 242 346 282 ἐπεί
367 243 402 281 οἱ
427 243 559 282 παῖδες
583 242 823 293 ὑπερφίαλοι
848 243 910 282 καὶ
935 241 1108 288 ἄπιστοι,

106 308 156 360 μή
182 324 238 349 τις
261 308 484 363 ὑπερβασίῃ
512 308 607 349 Διὸς
631 309 741 359 ὅρκια
766 307 1000 358 δηλήσηται.

107 375 180 415 αἰεὶ
204 373 235 414 δ’
260 372 483 426 ὁπλοτέρων
508 374 658 425 ἀνδρῶν
684 373 825 426 φρένες
849 374 1089 426 ἠερέθονται·

107 442 162 483 οἷς
186 439 217 480 δ’
242 441 261 480 ὁ
286 439 410 492 γέρων
433 439 633 496 μετέῃσιν,
661 439 740 491 ἅμα
764 441 929 492 πρόσσω
957 442 1019 481 καὶ
1044 442 1202 481 ὀπίσσω

107 507 281 553 λεύσσει,
308 507 412 548 ὅπως
437 506 498 559 ὄχ’
524 505 664 559 ἄριστα
687 506 770 557 μετ’
797 506 1058 559 ἀμφοτέροισι
1084 507 1284 560 γένηται.”
1363 522 1425 543 110

167 571 244 614 ΔΩς
268 572 396 625 ἔφαθ’,
423 574 458 612 οἱ
483 572 514 612 δ’
541 572 743 626 ἐχάρησαν
767 572 926 626 Ἀχαιοί
947 591 989 614 τε
1013 573 1146 626 Τρῶές
1171 591 1213 614 τε

108 639 314 690 ἐλπόμενοι
340 639 568 679 παύσασθαι
593 639 743 691 ὀϊζυροῦ
767 639 968 690 πολέμοιο.

110 706 174 746 καί
190 703 231 758 ῥ’
256 706 395 747 ἵππους
418 707 488 756 μὲν
514 704 653 758 ἔρυξαν
678 707 740 746 ἐπὶ
767 707 920 758 στίχας,
948 707 990 746 ἐκ
1016 706 1048 746 δ’
1076 707 1177 757 ἔβαν
1202 706 1322 752 αὐτοί,

107 769 244 824 τεύχεά
268 771 301 811 τ’
326 770 538 821 ἐξεδύοντο·
577 774 624 811 τὰ
647 774 719 823 μὲν
746 772 940 812 κατέθεντ’
968 773 1030 813 ἐπὶ
1056 775 1148 828 γαίῃ

108 838 277 888 πλησίον
302 837 502 887 ἀλλήλων,
530 840 644 890 ὀλίγη
671 838 703 877 δ’
730 837 776 888 ἧν
801 839 924 891 ἀμφὶς
949 838 1104 891 ἄρουρα·
1368 852 1424 882 115

101 903 253 956 ‘'Ex‘rwp
277 906 319 944 δὲ
342 905 456 955 προτὶ
481 904 579 944 ἄστυ
604 905 679 944 δύω
707 904 870 957 κήρυκας
896 905 1045 956 ἔπεμπε

110 971 356 1021 καρπαλίμως
382 970 499 1022 ἄρνας
524 988 565 1011 τε
591 971 725 1023 φέρειν
752 973 930 1022 Πρίαμόν
956 989 997 1011 τε
1024 972 1233 1012 καλέσσαι·

111 1036 227 1088 αὐτὰρ
250 1037 270 1076 ὁ
292 1038 524 1087 Ταλθύβιον
551 1037 674 1088 προΐει
702 1038 836 1088 κρείων
862 1037 1121 1089 Ἀγαμέμνων

111 1104 202 1152 νῆας
226 1103 290 1142 ἔπι
315 1106 520 1155 γλαφυρὰς
548 1103 657 1148 ἰέναι,
684 1103 742 1153 ἠδ’
769 1103 849 1154 ἄρν’
875 1103 1055 1144 ἐκέλευεν
1100 1144 1107 1149 ,

111 1167 319 1218 οἰσέμεναι·
359 1170 378 1208 ὁ
402 1168 436 1209 δ’
461 1169 519 1220 ἄρ’
547 1169 612 1209 οὐκ
640 1169 802 1219 ἀπίθησ’
828 1169 1093 1222 Ἀγαμέμνονι
1119 1171 1199 1223 δίῳ.
1366 1183 1428 1204 120

171 1233 265 1286 Ἶρις
289 1234 321 1275 δ’
346 1234 429 1274 αὖθ’
453 1234 597 1291 εΕλένῃ
623 1235 852 1290 λευκωλένῳ
880 1236 1049 1288 ἄγγελος
1076 1235 1209 1286 ἦλθεν,

113 1300 285 1352 εἰδομένη
309 1302 456 1356 γαλόῳ,
483 1301 761 1354 Ἀντηνορίδαο
787 1302 962 1354 δάμαρτι,

111 1367 181 1417 τὴν
204 1366 477 1420 Ἀντηνορίδης
502 1368 586 1422 εἶχε
611 1369 747 1421 κρείων
770 1368 979 1415 Ἑλικάων,

113 1434 317 1484 Λαοδίκην,
346 1434 539 1487 Πριάμοιο
565 1438 765 1487 θυγατρῶν
792 1435 891 1477 εἶδος
917 1436 1094 1486 ἀρίστην.

112 1499 180 1549 τὴν
204 1499 236 1540 δ’
262 1500 336 1552 εὗρ’
362 1502 404 1541 ἐν
427 1501 596 1556 μεγάρῳ·
633 1502 655 1552 ἡ
682 1504 725 1543 δὲ
749 1502 873 1553 μέγαν
901 1502 1012 1542 ἰστὸν
1037 1503 1191 1553 ὕφαινε,
1372 1514 1427 1544 ¹25

113 1566 282 1606 δίπλακα
305 1567 543 1619 πορφυρέην,
569 1568 715 1610 πολέας
740 1567 772 1608 δ’
797 1567 1020 1608 ἐνέπασσεν
1044 1567 1208 1608 ἀέθλους

112 1633 256 1684 Τρώων
281 1633 315 1672 θ’
341 1633 569 1684 ἱπποδάμων
594 1635 658 1675 καὶ
682 1633 854 1686 Ἀχαιῶν
879 1634 1200 1686 χαλκοχιτώνων,

114 1698 178 1739 οὓς
203 1698 291 1738 ἕθεν
316 1699 429 1739 εἵνεκ’
455 1700 635 1753 ἔπασχον
659 1700 722 1740 ὑπ’
742 1699 890 1751 ’Ἄρηος
914 1700 1146 1750 παλαμάων·

114 1765 238 1816 ἀγχοῦ
262 1764 294 1804 δ’
321 1765 508 1816 ἱσταμένη
534 1766 718 1817 προσέφη
744 1767 865 1807 πόδας
891 1765 992 1806 ὠκέα
1009 1765 1120 1818 Ἶρις·

117 1832 141 1847 “
158 1830 256 1882 δεῦρ’
282 1833 348 1877 ἴθι,
376 1832 510 1883 νύμφα
535 1833 646 1883 φίλη,
674 1833 738 1872 ἵνα
763 1832 935 1872 θέσκελα
960 1833 1055 1884 ἔργα
1080 1834 1182 1882 ἴδηαι
1372 1845 1430 1873 ¹30

114 1896 257 1948 Τρώων
282 1897 316 1936 θ’
343 1897 571 1948 ἱπποδάμων
597 1899 658 1938 καὶ
679 1898 852 1951 Ἀχαιῶν
876 1899 1198 1951 χαλκοχιτώνων·

115 1963 150 2002 οἳ
173 1964 262 2014 πρὶν
287 1963 347 2004 ἐπ’
372 1963 588 2014 ἀλλήλοισι
613 1964 736 2016 φέρον
761 1966 1008 2016 πολύδακρυν
1027 1963 1154 2017 ’Ἄρηα

116 2030 157 2068 ἐν
181 2031 311 2084 πεδίῳ,
338 2031 469 2071 ὀλοοῖο
494 2032 740 2081 λιλαιόμενοι
765 2031 968 2081 πολέμοιο,

117 2097 152 2135 οἱ
176 2095 220 2146 δὴ
245 2100 312 2137 νῦν
337 2098 446 2137 ἕαται
472 2104 579 2154 σιγῇ,
607 2099 780 2148 πόλεμος
805 2100 846 2137 δὲ
872 2098 1074 2142 πέπαυται,

117 2160 256 2202 ἀσπίσι
281 2164 512 2213 κεκλιμένοι,
540 2166 643 2216 παρὰ
669 2163 701 2204 δ’
729 2164 850 2216 ἔγχεα
875 2166 1004 2215 μακρὰ
1029 2163 1215 2215 πέπηγεν.
1377 2176 1431 2206 133

118 2226 233 2280 αὐτὰρ
258 2228 518 2281 Ἀλέξανδρος
545 2230 606 2270 καὶ
631 2230 840 2282 ἀρηΐφιλος
868 2229 1074 2271 Μενέλαος

167 2322 312 2352 108-110
334 2322 401 2353 ath.
420 2322 478 2353 Ar.
617 2333 674 2353 112
700 2323 866 2363 εὐχόμενοι
882 2327 897 2353 i
1034 2332 1090 2360 114
1118 2322 1268 2354 ἐκδύοντο
1295 2320 1338 2370 p'*

124 2365 183 2392 126
204 2364 381 2416 πορφυρέην
398 2365 478 2397 Zen.
498 2365 671 2405 Aristoph.
688 2366 746 2398 Ar.
765 2366 853 2396 hGe
870 2366 909 2396 al.
926 2379 930 2397 z
955 2365 1136 2406 μαρμαρέην
1151 2366 1239 2404 vulg.
1367 2365 1433 2396 ἀνέ-

117 2418 239 2438 πασσεν
301 2417 313 2425 ”’
