1660 2802
652 110 708 145 11.
782 104 1041 142 ΙΛΙΑΔΟΣ
1085 106 1119 142 Λ

220 206 374 254 πληθὺν
398 204 618 256 ταρβήσας·
656 206 700 245 τὸ
727 208 767 246 δὲ
790 207 917 257 ῥίγιον
943 208 986 247 αἵ
1008 223 1073 247 κεν
1098 207 1214 247 ἁλώω
1476 220 1541 252 405

218 274 372 320 μοῦνος·
409 272 498 312 τοὺς
523 271 554 311 δ’
581 272 727 313 ἄλλους
754 273 936 314 Δαναοὺς
962 273 1147 324 ἐφόβησε
1173 274 1362 324 Κρονίων.

219 338 325 376 ἀλλὰ
349 339 412 387 τίη
437 354 503 387 μοι
528 341 648 377 ταῦτα
673 339 791 390 φίλος
817 337 1021 389 διελέξατο
1046 340 1185 390 θυμός,·

218 404 304 443 οἶδα
327 405 402 455 γὰρ
427 405 509 444 ὅττι
534 404 643 444 κακοὶ
666 406 739 455 μὲν
765 405 1001 458 ἀποίχονται
1026 405 1227 456 πολέμοιο,

218 469 259 511 ὃς
285 468 325 509 δέ
352 469 383 509 κ’
409 470 642 526 ἀριστεύῃσι
665 470 773 526 μάχῃ
801 471 870 518 ἔνι,
899 471 966 511 τὸν
992 474 1034 512 δὲ
1058 470 1166 522 μάλα
1189 472 1292 525 χρεὼ

219 536 432 586 ἑστάμεναι
459 541 661 588 κρατερῶς,
688 537 712 587 ἤ
737 537 770 577 τ’
799 537 938 588 ἔβλητ’
964 537 988 588 ἤ
1012 537 1045 577 τ’
1072 537 1188 589 ἔβαλ’
1212 537 1377 578 ἄλλον.”
1480 554 1544 584 410

279 601 380 644 ἲΗος
406 603 426 641 6
450 603 556 643 ταῦθ’
583 603 752 655 ὥρμαινε
779 606 876 644 κατὰ
901 603 1029 656 φρένα
1056 605 1117 644 καὶ
1143 605 1240 644 κατὰ
1264 605 1398 655 θυμόν,

217 669 345 721 τόφρα
370 668 402 709 δ’
429 670 492 710 ἐπὶ
517 670 664 722 Τρώων
689 672 825 724 στίχες
851 670 999 721 ἤλυθον
1025 670 1273 718 ἀσπιστάων,

217 736 342 776 ἔλσαν
367 735 399 776 δ’
424 737 466 776 ἐν
490 735 694 787 μέσσοισι,
721 739 818 788 μετὰ
845 740 968 790 σφίσι
992 740 1102 788 πῆμα
1126 737 1312 780 τιθέντες.

218 802 268 844 ὡς
293 801 325 842 δ’
351 803 417 843 ὅτε
443 802 603 855 κάπριον
629 804 731 856 ἀμφὶ
758 804 868 846 κύνες
895 805 1059 856 θαλεροί
1079 803 1113 844 τ’
1139 804 1264 855 αἰζηοὶ

218 868 423 916 σεύωνται,
451 870 470 909 6
496 869 537 910 δέ
560 869 593 910 τ’
620 871 699 911 εἶσι
723 873 888 921 βαθείης
915 873 956 911 ἐκ
983 870 1170 924 ξυλόχοιο
1481 885 1542 915 4¹5

218 935 349 987 θήγων
375 936 514 977 λευκὸν
539 938 679 978 ὀδόντα
702 940 799 988 μετὰ
824 944 1052 995 γναμπτῇσι
1077 937 1283 990 γένυσσιν,

218 1003 320 1053 ἀμφὶ
346 1002 387 1043 δέ
411 1002 442 1042 τ’
468 1003 689 1050 ἀΐσσονται,
716 1005 809 1045 ὑπαὶ
835 1004 877 1045 δέ
901 1022 944 1046 τε
970 1005 1117 1055 κόμπος
1141 1005 1311 1045 ὀδόντων

217 1069 406 1120 γίγνεται,
435 1071 471 1110 οἱ
497 1072 537 1110 δὲ
561 1070 750 1121 μένουσιν
775 1071 883 1123 ἄφαρ
911 1073 1038 1112 δεινόν
1063 1088 1135 1123 περ
1161 1071 1287 1117 ἐόντα,

218 1137 268 1177 ὤς
293 1136 341 1187 ῥα
365 1136 444 1176 τότ’
471 1137 568 1188 ἀμφ’
594 1137 770 1188 Ὀδυσῆα
797 1139 866 1178 Διὶ·
890 1139 1010 1189 φίλον
1035 1138 1251 1179 ἐσσεύοντο

217 1205 361 1253 Τρῶες·
400 1204 420 1242 6
445 1205 486 1244 δὲ
511 1207 664 1255 πρῶτον
687 1207 757 1255 μὲν
783 1205 960 1255 ἀμύμονα
987 1205 1206 1254 Δηϊοπίτην
1479 1217 1542 1247 420

218 1269 386 1309 οὔτασεν
412 1268 517 1320 ὦμον
542 1271 707 1322 ὕπερθεν
733 1270 954 1321 ἐπάλμενος
979 1270 1061 1321 ὀξέϊ
1086 1271 1204 1323 δουρί,

218 1335 336 1387 αὐτὰρ
362 1336 497 1376 ἔπειτα
522 1337 667 1377 Θόωνα
692 1338 753 1377 καὶ
773 1336 971 1388 ’Έννομον
997 1336 1206 1388 ἐξενάριξε.

218 1402 523 1453 Χερσιδάμαντα
548 1403 579 1443 δ’
605 1403 752 1450 ἔπειτα,
782 1404 864 1444 καθ’
891 1405 1020 1445 ἵππων
1046 1401 1221 1453 ἀΐξαντα,

217 1469 324 1520 δουρὶ
350 1471 446 1509 κατὰ
471 1471 692 1521 πρότμησιν
716 1470 779 1511 ὑπ’
805 1471 972 1512 ἀσπίδος
996 1469 1284 1522 ὀμφαλοέσσης

218 1534 343 1585 νύξεν·
382 1537 401 1575 6
427 1536 458 1576 δ’
485 1538 526 1577 ἐν
553 1537 706 1593 κονίῃσι
731 1538 865 1578 πεσὼν
891 1539 957 1578 ἕλε
982 1540 1098 1590 γαῖαν
1123 1538 1293 1591 ἀγοστῷ.
1477 1547 1540 1578 425

217 1602 306 1643 τοὺς
329 1605 401 1653 μὲν
426 1603 523 1650 ἕασ’,
551 1604 570 1642 6
596 1603 629 1644 δ’
655 1603 714 1656 ἄρ’
739 1603 977 1654 Ἱππασίδην
1002 1603 1156 1656 Χάροπ’
1181 1603 1327 1644 οὔτασε
1353 1601 1472 1661 δουρί,

217 1668 553 1721 αὐτοκασίγνητον
579 1669 790 1722 εὐηφενέος
815 1671 977 1711 Σώκοιο.

217 1739 268 1789 τῷ
295 1735 326 1776 δ’
352 1735 611 1786 ἐπαλεξήσων
636 1741 767 1779 Σῶκος
793 1738 887 1784 κίεν,
916 1738 1072 1779 ἰσόθεος
1097 1737 1194 1789 φώς,

218 1805 292 1852 στῆ
319 1805 361 1843 δὲ
385 1802 477 1853 μάλ’
503 1803 619 1855 ἐγγὺς
645 1804 713 1844 ἰὼν
740 1805 804 1845 καί
825 1822 890 1855 μιν
916 1804 1012 1855 πρὸς
1036 1806 1158 1855 μῦθον
1183 1803 1312 1844 ἔειπεν

220 1870 244 1885 “
261 1866 290 1908 ὦ
316 1868 485 1910 Ὀδυσεῦ
509 1870 708 1917 πολύαινε,
739 1872 867 1912 δόλων
893 1871 952 1911 ἆτ’
977 1871 1045 1921 ἡδὲ
1070 1871 1219 1917 πόνοιο,
1476 1881 1542 1912 430

218 1934 388 1987 σήμερον
412 1933 435 1985 ἢ
462 1939 628 1977 δοιοῖσιν
654 1937 834 1988 ἐπεύξεαι
858 1937 1128 1994 Ἱππασίδῃσι,

217 2001 344 2042 τοιώδ’
369 2002 484 2055 ἄνδρε
509 2005 758 2047 κατακτείνας
786 2005 846 2045 καὶ
870 2004 997 2058 τεύχε’
1022 2003 1204 2056 ἀπούρας,

216 2067 241 2118 ἤ
267 2085 330 2109 κεν
356 2070 432 2124 ἐμῷ
458 2069 531 2110 ὑπὸ
557 2072 661 2123 δουρὶ
687 2072 818 2113 τυπεὶς
843 2071 918 2112 ἀπὸ
945 2070 1063 2122 θυμὸν
1088 2068 1306 2126 ὀλέσσῃς.”

260 2171 322 2200 413
346 2164 435 2202 πῆμα
452 2162 487 2194 δὲ
505 2163 605 2195 ἔλσαν
623 2164 704 2197 Zen.
840 2175 901 2203 417
928 2165 1006 2204 ἀμφὶ
1024 2163 1058 2196 δέ
1074 2162 1102 2195 τ’
1120 2167 1143 2194 d
1155 2173 1174 2194 e
1186 2167 1210 2193 k
1223 2173 1242 2194 o
1259 2173 1266 2193 z
1294 2161 1375 2203 ἀμφί
1389 2175 1426 2194 τε
1446 2160 1541 2202 (ἀμφί

217 2205 261 2245 τ’)
289 2205 403 2245 vulg.:
436 2207 515 2247 ἀμφὶ
549 2207 573 2238 δ’
600 2207 645 2249 ἄρ’
669 2219 693 2245 1>
709 2207 749 2238 L3
765 2208 827 2238 L4:
860 2209 938 2247 ἀμφὶ
964 2207 998 2239 δὲ
1022 2206 1110 2247 χαῖτ’
1135 2217 1154 2238 c
1330 2215 1391 2244 421
1426 2206 1539 2246 ὕπερθε

216 2248 416 2289 μετάλμενος
432 2260 462 2281 ν.
478 2250 497 2281 l.
517 2256 582 2281 ant.
605 2255 627 2282 d
639 2255 691 2288 fg·
703 2257 729 2282 h
741 2256 756 2282 i
767 2263 792 2283 n
806 2251 843 2291 Ty
862 2262 889 2282 v.
908 2252 927 2282 l.
946 2251 978 2281 in
996 2251 1038 2289 A,
1056 2251 1099 2282 al.
1219 2249 1321 2290 250va}
1339 2251 1455 2290 χαλκῷ
1470 2259 1502 2278 ν.
1517 2248 1536 2279 1.

217 2292 249 2322 in
268 2291 300 2322 A
474 2303 538 2332 423
564 2295 815 2335 Πουλυδάμαντα
831 2305 850 2326 c
954 2295 1085 2334 ἀΐξαντα
1101 2297 1124 2324 d
1136 2303 1155 2324 e
1168 2297 1191 2323 k
1204 2292 1235 2323 A
1250 2293 1279 2323 D
1295 2292 1335 2323 al.
1351 2303 1357 2323 :
1383 2293 1541 2324 ἀΐσσονται

217 2346 280 2372 cet.
450 2353 511 2380 424
544 2343 724 2383 πρότμησιν
746 2344 819 2382 Ar.³
845 2344 963 2375 codd.:
998 2335 1179 2392 πρότμηάιν
1202 2342 1230 2373 Τ
1256 2342 1302 2382 (in
1329 2345 1423 2373 textu
1448 2345 1481 2372 et
1506 2340 1539 2370 in

219 2385 387 2424 lemmate)
524 2397 580 2425 431
611 2388 809 2426 Ἰππασιδήϊν
828 2388 903 2428 gsic,
923 2398 953 2419 v.
969 2387 990 2419 1.
1009 2398 1041 2417 m
1059 2386 1090 2417 A
