1660 2802
655 149 690 183 6.
763 142 1018 180 ΙᾹΙΑΔΟΣ
1066 142 1097 179 Ζ

218 248 239 300 ή
264 266 307 289 νυ
334 249 394 288 καὶ
420 247 545 288 αὐτῶν
571 246 689 297 θυμὸς
716 246 920 297 ἐποτρύνει
945 245 1006 284 καὶ
1031 243 1211 296 ἀνώγει.”

281 314 364 365 Τὴν
390 314 422 353 δ’
448 314 539 354 αὖτε
565 313 777 365 προσέειπε
801 311 923 364 μέγας
951 311 1203 362 κορυθαίολος
1221 308 1393 362 ”Εκτωρ·
1471 324 1536 354 440

218 385 242 399 “
259 381 281 431 ἦ
308 382 369 421 καὶ
395 381 480 432 ἐμοὶ
505 380 597 420 τάδε
624 379 751 420 πάντα
775 378 900 430 μέλει,
927 378 1053 430 γύναι·
1091 378 1197 417 ἀλλὰ
1221 375 1315 427 μάλ’
1340 377 1456 417 αἰνῶς

215 448 392 499 αἰδέομαι
416 451 553 499 Τρῶας
580 447 642 486 καὶ
664 445 854 501 Τρῳάδας
881 443 1207 490 ἑλκεσιπέπλους,

214 517 256 555 αἵ
280 532 320 555 κε
347 514 461 556 κακὸς
486 515 536 555 ὣς
562 514 711 566 νόσφιν
737 511 945 562 ἀλυσκάζω
972 510 1175 562 πολέμοιο·

215 581 305 622 οὐδέ
328 599 376 633 με
401 580 520 631 θυμὸς
545 580 709 632 ἄνωγεν,
739 580 824 620 ἐπεὶ
847 578 974 630 μάθον
1000 578 1162 629 ἔμμεναι
1187 576 1332 618 ἐσθλὸς

214 649 288 689 αἰεὶ
315 648 376 688 καὶ
402 648 591 699 πρώτοισι
616 649 714 697 μετὰ
738 646 925 698 Τρώεσσι
948 644 1161 698 μάχεσθαι,
1471 656 1534 687 445

214 715 426 767 ἀρνύμενος
452 715 598 766 πατρός
622 730 663 754 τε
688 713 789 765 μέγα
815 712 928 754 κλέος
953 711 1012 762 ἠδ’
1039 710 1132 762 ἐμὸν
1155 710 1284 751 αὐτοῦ.

214 782 254 822 εὖ
278 784 352 834 γαρ
379 782 455 833 ἐγὼ
481 781 568 820 τόδε
595 780 681 820 οἶδα
708 781 804 819 κατὰ
830 778 956 831 φρένα
983 778 1044 818 καὶ
1070 779 1166 817 κατὰ
1191 777 1325 828 θυμόν·

213 849 376 890 ἔσσεται
402 847 501 899 ἦμαρ
528 847 584 887 ὅτ’
609 846 656 887 ἄν
682 846 768 887 ποτ’
793 847 926 902 ὀλώλῃ
947 844 1071 886 Ἴλιος
1098 844 1158 896 ἱρὴ

215 916 275 955 καὶ
302 917 479 968 Πρίαμος
506 915 567 954 καὶ
593 913 689 955 λαὸς
716 914 910 964 ἐϋμμελίω
938 911 1146 964 Πριάμοιο.

213 982 304 1022 ἀλλ’
332 983 375 1022 οὔ
400 998 467 1033 μοι
491 981 638 1033 Τρώων
664 981 817 1020 τόσσον
842 979 955 1030 μέλει
980 978 1102 1031 ἄλγος
1128 979 1299 1024 ὀπίσσω,
1471 990 1536 1020 450

213 1049 292 1089 οὔτ’
320 1049 437 1099 αὐτῆς
462 1047 639 1098 Ἑκάβης
667 1048 753 1087 οὔτε
782 1046 977 1099 Πριάμοιο
1004 1045 1169 1086 ἄνακτος

215 1117 301 1156 οὔτε
329 1114 589 1167 κασιγνήτων,
618 1115 657 1154 οἵ
682 1111 746 1154 κεν
772 1112 914 1154 πολέες
939 1129 981 1152 τε
1009 1112 1069 1152 καὶ
1096 1111 1237 1152 ἐσθλοὶ

214 1183 255 1223 ἐν
284 1183 438 1237 κονίῃσι
464 1181 626 1222 πέσοιεν
651 1180 715 1220 ὑπ’
743 1179 907 1231 ἀνδράσι
934 1178 1234 1230 δυσμενέεσσιν,

213 1250 340 1289 ὅσσον
368 1252 449 1294 σεῦ,
479 1250 542 1288 ὅτε
571 1247 635 1288 κέν
661 1264 718 1288 τις
745 1247 918 1300 Ἀχαιῶν
945 1245 1254 1300 χαλκοχιτώνων

214 1317 484 1367 δακρυόεσσαν
510 1314 662 1367 ἄγηται,
693 1314 900 1365 ἐλεύθερον
928 1312 1027 1364 ἦμαρ
1053 1311 1239 1363 ἀπούρας·
1471 1323 1534 1354 455

216 1384 281 1423 καί
304 1399 367 1422 κεν
395 1384 436 1423 ἐν
458 1381 596 1434 ’Ἄργει
622 1383 742 1420 ἐοῦσα
768 1379 863 1431 πρὸς
889 1380 1014 1430 ἄλλης
1042 1378 1153 1419 ἱστὸν
1179 1378 1373 1430 ὑφαίνοις,

216 1451 281 1489 καί
304 1466 368 1490 κεν
393 1450 493 1500 ὕδωρ
521 1447 682 1500 φορέοις
710 1446 940 1497 Μεσσηΐδος
966 1443 989 1496 ἢ
1015 1445 1220 1497 “Ύ“περείης

216 1516 332 1556 πόλλ’
360 1515 609 1567 ἀεκαζομένη,
640 1514 801 1567 κρατερὴ
829 1513 860 1554 δ’
889 1512 1098 1554 ἐπικείσετ’
1125 1511 1288 1564 ἀνάγκη·

217 1585 281 1623 καί
304 1583 399 1623 ποτέ
424 1600 481 1624 τις
508 1584 666 1638 εἴπῃσιν
693 1582 784 1622 ἰδὼν
812 1582 907 1620 κατὰ
934 1579 1052 1632 δάκρυ
1076 1579 1264 1632 χέουσαν·

217 1649 430 1702 (ἽΞκτορος
455 1650 522 1699 ἥδε
548 1648 658 1701 γυνή,
686 1648 728 1689 ὃς
754 1648 1012 1699 ἀριστεύεσκε
1036 1645 1236 1700 μάχεσθαι
1472 1647 1537 1688 460

215 1717 360 1769 Τρώων
388 1715 632 1766 ἱπποδάμων,
660 1716 724 1755 ὅτε
744 1713 872 1755 Ἴλιον
898 1712 1211 1767 ἀμφεμάχοντο.’
1519 1709 1522 1711 Α

216 1785 266 1825 ὥς
293 1782 389 1824 ποτέ
413 1800 470 1825 τις
497 1782 608 1834 ἐρέει·
647 1782 712 1822 σοὶ
739 1781 771 1821 δ’
798 1782 844 1821 αὖ
870 1781 960 1822 νέον
986 1781 1150 1821 ἔσσεται
1175 1779 1298 1831 ἄλγος

216 1850 329 1904 χήτεϊ
353 1849 494 1890 τοιοῦδ’
522 1848 661 1901 ἀνδρὸς
687 1848 846 1900 ἀμύνειν
873 1848 1030 1888 δούλιον
1057 1847 1170 1898 ἦμαρ.

217 1916 322 1957 ἀλλά
347 1934 395 1969 με
420 1919 619 1966 τεθνηῶτα
644 1915 741 1970 χυτὴ
770 1917 866 1955 κατὰ
890 1918 983 1968 γαῖα
1010 1915 1213 1962 καλύπτοι,

218 1985 308 2035 πρίν
333 1983 379 2036 γέ
403 2000 440 2023 τι
466 1985 539 2033 σῆς
565 1999 606 2022 τε
632 1985 733 2033 βοῆς
760 1986 833 2022 σοῦ
859 1981 893 2022 θ’
920 1984 1130 2032 ἑλκηθμοῖο
1158 1978 1390 2020 πυθέσθαι.”
1473 1981 1536 2022 465

277 2049 357 2092 ⁶525
383 2051 502 2090 εἰπὼν
529 2050 572 2090 οὗ
598 2049 735 2091 παιδὸς
761 2048 922 2101 ὀρέξατο
950 2049 1135 2100 φαίδιμος
1153 2045 1324 2098 ”Εκτωρ·

218 2118 278 2170 ἂψ
305 2117 337 2157 δ’
364 2117 384 2156 ὁ
409 2116 500 2157 πάϊς
526 2116 622 2169 πρὸς
649 2117 798 2157 κόλπον
825 2115 1005 2165 ἐϋζώνοιο
1031 2113 1190 2165 τιθήνης

219 2185 378 2234 ἐκλίνθη
406 2183 543 2238 ἰάχων,
572 2184 717 2236 πατρὸς
745 2184 866 2236 φίλου
893 2184 989 2235 ὄψιν
1016 2182 1210 2234 ιἰτυχθείς,

218 2251 424 2303 ταρβήσας
451 2252 602 2305 χαλκόν
627 2268 669 2291 τε
697 2252 752 2291 ἰδὲ
778 2250 910 2302 λόφον
937 2249 1206 2302 ἱππιοχαίτην,

257 2355 320 2384 439
352 2345 464 2376 αὐτοὺς
489 2344 552 2375 ν.1.
579 2350 647 2375 ant.
815 2356 878 2383 443
910 2345 963 2386 ὣς]
991 2344 1011 2385 ᾇ
1038 2344 1077 2375 L⁴³
1101 2355 1157 2382 ss,
1185 2355 1212 2376 v.
1231 2345 1250 2376 1.
1278 2355 1329 2384 ap.
1358 2345 1452 2376 Eust.

214 2399 274 2428 447
300 2387 377 2429 γὰρ]
402 2387 460 2427 μὲν
484 2391 563 2435 ch}
586 2389 628 2419 al.
773 2399 836 2428 449
869 2390 1038 2437 {vuufsxiwt
1063 2388 1093 2418 A
1107 2387 1274 2438 D1PeV10.
1302 2399 1378 2427 agn.
1393 2387 1452 2437 12²¹

216 2440 311 2464 -λιοιο
328 2431 496 2473 [ἄνακτος]
512 2431 635 2479 emp-¹
729 2433 791 2470 456
815 2434 908 2474 ἄργεϊ
923 2438 1001 2464 οὐσα
1019 2443 1038 2464 c
1050 2430 1169 2480 erp-'¹
1183 2432 1223 2462 al.
1316 2433 1376 2471 464
1403 2430 1540 2474 καλύψαι

216 2479 284 2513 (-οι,
303 2475 372 2516 -ει,)
392 2485 415 2513 g·
433 2475 473 2506 al.
