1629 2828
514 128 546 161 1.
624 123 879 160 ΙΛΙΑΔΟΣ
940 124 971 159 Α

91 227 277 281 ’[Χτρεΐδη,
305 226 353 266 σὺ
379 228 419 267 δὲ
444 229 542 266 παῦε
568 226 656 267 τεὸν
680 226 809 277 μένος·
847 226 965 277 αὐτὰρ
991 226 1115 278 ἔγωγε

89 293 247 344 λίσσομ’
271 292 458 345 Ἀχιλλῆϊ
481 292 649 344 μεθέμεν
673 294 809 345 χόλον,
837 291 878 334 ὃς
902 291 1005 344 μέγα
1029 295 1152 333 πᾶσιν

90 362 196 414 ἕρκος
221 360 444 412 Ἀχαιοῖσιν
471 359 633 400 πέλεται
658 358 846 410 πολέμοιο
873 358 1045 399 κακοῖο.”

151 426 231 467 Τὸν
255 425 287 466 δ’
312 426 631 477 ἀπαμειβόμενος
655 424 839 478 προσέφη
867 426 1004 477 κρείων
1029 424 1299 477 Ἀγαμέμνων·
1341 440 1354 460 2

91 496 114 512 “
130 494 191 534 ναὶ
215 492 259 542 δὴ
285 492 404 532 ταῦτά
429 509 475 544 γε
499 491 638 538 πάντα,
667 491 795 544 γέρον,
823 493 919 532 κατὰ
942 495 1081 544 μοῖραν
1106 491 1245 534 ἔειπες·

88 558 176 600 ἀλλ’
202 557 257 599 ὅδ’
283 558 378 611 ἀνὴρ
405 558 534 599 ἐθέλει
559 559 646 610 περὶ
671 558 827 599 πάντων
853 558 1015 609 ἔμμεναι
1039 558 1186 604 ἄλλων,

88 625 239 667 πάντων
264 627 336 676 μὲν
362 624 537 677 κρατέειν
561 624 702 671 ἐθέλει,
729 625 926 666 πάντεσσι
951 624 983 665 δ’
1010 624 1215 671 ἀνάσσειν,

88 695 183 733 πᾶσι
209 694 250 732 δὲ
275 693 492 742 σημαίνειν,
521 691 545 731 ἅ
569 691 641 732 τιν’
667 692 710 733 οὐ
735 692 947 733 πείσεσθαι
971 691 1052 732 ὀΐω·

87 759 120 799 εἰ
144 757 185 799 δέ
209 774 274 809 μιν
299 758 495 810 αἰχμητὴν
521 759 664 799 ἔθεσαν
690 759 769 800 θεοὶ
794 759 877 799 αἰὲν
903 759 1045 804 ἐόντες,

87 824 247 865 τοῦνεκά
272 826 307 865 οἱ
333 824 568 876 προθέουσιν
593 826 744 866 ὀνείδεα
766 823 1037 876 μυθήσασθαι;
1056 823 1077 838 ”

152 891 232 931 Τὸν
256 890 288 931 δ’
314 890 372 943 ἄρ’
397 890 629 942 ὑποβλήδην
652 891 841 942 ἠμείβετο
866 894 946 933 δῖος
970 890 1195 944 Ἀχιλλεύς·

88 960 112 975 “
128 956 151 1007 ἦ
176 957 250 1009 γάρ
277 975 341 998 κεν
366 958 495 1000 δειλός
519 975 561 999 τε
587 959 649 998 καὶ
674 958 873 1000 οὐτιδανὸς
897 959 1120 1008 καλεοίμην,

87 1025 119 1064 εἰ
145 1023 188 1073 δὴ
216 1024 279 1064 σοὶ
304 1027 381 1065 πᾶν
407 1025 521 1076 ἔργον
545 1023 751 1075 ὑπείξομαι
775 1025 857 1065 ὅττι
883 1041 947 1064 κεν
973 1025 1096 1080 ε’ίπῃς·

86 1089 270 1130 ἄλλοισιν
296 1090 340 1140 δὴ
366 1090 471 1131 ταῦτ’
496 1091 714 1137 ἐπιτέλλεο,
740 1090 792 1141 μὴ
818 1092 893 1143 γὰρ
919 1091 1052 1142 ἔμοιγε

87 1155 257 1207 σήμαιν’·
295 1156 337 1196 οὐ
362 1159 436 1208 γὰρ
461 1156 576 1209 ἔγωγ’
602 1158 659 1198 ἔτι
684 1157 748 1197 σοὶ
768 1159 979 1198 πείσεσθαι
1002 1156 1084 1197 ὀΐω.

87 1222 186 1263 ἄλλο
212 1222 254 1263 δέ
278 1240 334 1263 τοι
359 1222 466 1275 ἐρέω,
495 1223 544 1263 σὺ
569 1223 601 1263 δ’
628 1224 684 1264 ἐνὶ
710 1224 830 1275 φρεσὶ
855 1223 1010 1274 βάλλεο
1036 1223 1142 1280 σῇσι·

86 1290 199 1341 χερσὶ
223 1292 293 1339 μὲν
318 1290 362 1329 οὔ
386 1307 447 1329 τοι
473 1290 597 1342 ἔγωγε
621 1289 851 1342 μαχήσομαι
876 1291 1004 1330 εἵνεκα
1031 1290 1168 1341 κούρης

85 1355 172 1395 οὔτε
198 1356 262 1396 σοὶ
286 1356 372 1395 οὕτε
398 1373 448 1410 τῳ
475 1355 598 1410 ἄλλῳ,
627 1357 715 1397 ἐπεί
735 1355 774 1406 μ’
799 1355 1004 1408 ἀφέλεσθέ
1028 1374 1072 1408 γε
1092 1357 1238 1398 δόντες·

84 1425 159 1461 τῶν
183 1421 216 1462 δ’
242 1421 376 1462 ἄλλων
401 1421 425 1461 ἅ
449 1424 519 1473 μοί
539 1424 625 1463 ἐστι
651 1425 721 1479 θοῇ
746 1424 849 1475 παρὰ
869 1423 932 1473 νηῒ
953 1424 1133 1479 μελαίνῃ,

84 1491 159 1528 τῶν
184 1487 251 1528 οὐκ
276 1488 322 1528 ἄν
347 1505 383 1528 τι
408 1488 543 1540 φέροις
568 1489 720 1529 ἀνελὼν
745 1488 928 1531 ἀέκοντος
955 1491 1072 1539 ἐμεῖο·

83 1554 116 1593 εἰ
142 1553 173 1594 δ’
199 1553 268 1606 ἄγε
291 1554 368 1604 μὴν
392 1555 587 1607 πείρησαι,
615 1556 678 1595 ἵνα
702 1555 860 1607 γνώωσι
886 1555 947 1596 καὶ
972 1556 1068 1596 οἵδε·

84 1619 186 1672 αἶψά
210 1637 268 1660 τοι
294 1622 387 1671 αἷμα
414 1621 594 1662 κελαινὸν
619 1620 785 1674 ἐρωήσει
810 1622 897 1673 περὶ
922 1621 1067 1672 δουρί.”

143 1684 222 1728 ΔΩς
246 1687 297 1726 τώ
323 1686 360 1738 γ’
386 1688 602 1738 ἀντιβίοισι
625 1687 919 1741 μαχεσσαμένω
945 1687 1134 1728 ἐπέεσσιν

84 1752 292 1803 ἀνστήτην,
319 1757 447 1794 λῦσαν
472 1754 505 1793 δ’
530 1754 677 1806 ἀγορὴν
702 1756 805 1806 παρὰ
830 1755 968 1805 νηυσὶν
993 1754 1179 1807 Ἀχαιῶν·

85 1818 281 1869 Πηλεΐδης
303 1821 376 1870 μὲν
401 1820 464 1860 ἐπὶ
489 1822 644 1862 κλισίας
671 1822 732 1861 καὶ
756 1823 851 1871 νῆας
877 1820 987 1862 ἐίσας

82 1884 141 1934 ἤϊε
166 1886 238 1926 σύν
264 1903 306 1926 τε
330 1886 568 1942 Μενοιτιάδῃ
595 1888 656 1927 καὶ
681 1888 738 1928 οἷς
764 1887 975 1939 ἑτάροισιν·

83 1949 279 2002 Ἀτρεΐδης
303 1952 335 1992 δ’
361 1952 434 2004 ἄρα
458 1955 532 2003 νῆα
557 1953 651 2003 θοὴν
675 1952 798 1994 ἅλαδε
822 1953 1079 2005 προέρυσσεν,

50 2033 56 2037 ·
83 2017 124 2057 ἐν
147 2017 177 2057 δ’
202 2018 333 2070 ἐρέτας
359 2019 508 2071 ἔκρινεν
531 2021 712 2066 ἐείκοσιν,
742 2022 780 2061 ἐς
802 2019 837 2060 δ’
863 2021 1088 2071 ἑκατόμβην

82 2085 185 2133 βῆσε
210 2087 296 2139 θεῷ,
323 2081 396 2125 ἄνα
421 2088 462 2126 δὲ
488 2085 692 2137 Χρυσηΐδα
719 2086 990 2142 καλλιπάρῃον

82 2149 187 2190 εἷσεν
211 2149 329 2202 ἄγων·
366 2152 408 2191 ἐν
433 2151 465 2191 δ’
491 2152 611 2205 ἀρχὸς
637 2153 712 2203 ἔβη
738 2153 953 2203 πολύμητις
979 2151 1209 2194 Ὀδυσσεύς.

1334 1437 1398 1467 300

1335 1767 1397 1797 305

1333 2098 1396 2129 310

122 2242 184 2279 296
205 2242 272 2273 ath.
292 2241 349 2273 Ar.
528 2245 592 2283 298
615 2245 802 2286 μαχήσομαι
820 2243 946 2275 Antim.
967 2243 1142 2284 Aristoph.
1164 2244 1268 2276 Mass.
1286 2243 1403 2284 Argol.

81 2281 195 2324 Sinop.
219 2284 276 2315 Ar.
302 2286 543 2324 bagrACD
567 2287 609 2319 al.
629 2300 636 2319 ε
659 2287 867 2328 μαχέσσομαι
893 2299 922 2319 V.
952 2288 971 2318 l.
998 2293 1063 2319 ant.
1087 2287 1289 2329 (Heracleo)
1313 2289 1402 2327 vulg.

85 2324 164 2365 (vid.
182 2329 300 2367 praes.)
425 2341 489 2370 299
514 2332 582 2363 ἐπεί
597 2332 624 2372 ῥ’
643 2331 762 2363 ἐθέλεις
780 2330 956 2371 ἀφελέσθαι
977 2331 1056 2362 ch.
1193 2341 1255 2370 304
1280 2344 1404 2372 μαχεσ-

81 2369 201 2408 σαμένω
218 2372 306 2411 vulg.
324 2384 330 2403 :
354 2374 572 2416 μαχησαμένω
590 2374 647 2405 Ar.
669 2374 715 2405 Ο5
732 2385 786 2405 uv.
804 2373 862 2404 V¹3
1039 2384 1103 2414 309
1129 2378 1161 2407 ἐν
1179 2375 1247 2413 Ar„
1270 2374 1345 2406 1²¹0:
1373 2377 1403 2407 ἐς

81 2412 164 2452 vulg.
187 2413 240 2453 (cs.
264 2415 337 2456 142)
472 2426 532 2457 311
561 2418 609 2459 ἐν]
629 2419 666 2451 ἂν
684 2421 741 2455 dg·
757 2418 797 2448 al·
