1624 2802
537 144 571 177 5.
646 138 903 176 ΙΛΙΑΔΟΣ
951 139 982 174 Ε

104 243 141 282 αἱ
163 239 232 291 μέν
257 239 289 279 τ’
313 240 542 292 ἀγχιστῖναι
567 238 626 279 ἐπ’
652 238 856 295 ἀλλήλῃσι
883 238 1077 291 κέχυνται,

104 307 218 359 αὐτὰρ
243 307 262 345 ὁ
288 305 490 356 ἐμμεμαὼς
514 304 664 355 βαθέης
688 304 896 355 ἐξάλλεται
921 304 1055 355 αὐλῆς·

103 373 152 415 ὣς
173 372 327 423 μεμαὼς
350 371 536 423 Τρώεσσι
559 372 653 423 μίγη
682 370 865 424 κρατερὸς
892 370 1104 422 Διομήδης.

161 437 271 479 ’Ἔνθ’
297 438 386 478 ἕλεν
410 437 626 478 Ἀστύνοον
654 437 716 478 καὶ
740 437 964 489 Ὑπείρονα,
990 436 1158 489 ποιμένα
1182 441 1301 486 λαῶν,

101 505 167 546 τὸν
189 507 259 556 μὲν
282 505 377 556 ὑπὲρ
401 505 537 554 μαζοῖο
562 505 704 555 βαλὼν
728 503 921 557 χαλκήρεϊ
945 505 1064 556 δουρί,
1354 519 1414 549 145

102 571 166 612 τὸν
191 570 222 611 δ’
248 571 380 622 ἕτερον
404 569 512 622 ξίφεϊ
535 570 696 625 μεγάλῳ
723 565 863 621 κληῗδα
886 570 976 623 παρ’
1001 569 1106 622 ὦμον

321 636 393 651 ΚΝ)
451 637 460 651 5
506 637 515 652 l

101 636 235 688 πλῆξ’,
261 637 336 678 ἀπο
361 649 380 677 ο
418 653 582 690 αυχενος
606 635 711 688 ὦμον
739 637 924 689 ἐέργαθεν
947 637 1006 688 ἠδ’
1032 637 1109 678 ἀπὸ
1134 638 1268 678 νώτου.

101 704 186 746 τοὺς
209 705 279 754 μὲν
303 703 402 750 ἔασ’,
429 704 449 742 ὁ
472 703 505 744 δ’
523 703 709 754 ’Ἄβαντα
733 702 934 759 μετῴχετο
961 704 1022 745 καὶ
1048 704 1262 749 Πολύιδον,

100 769 201 811 υἱέας
226 769 533 821 Εὐρυδάμαντος,
561 771 832 822 ὀνειροπόλοιο
857 770 1054 823 γέροντος·

100 840 178 878 τοῖς
201 835 267 876 οὐκ
292 836 517 890 ἐρχομένοις
542 838 562 876 ὁ
586 835 712 889 γέρων
738 836 903 889 ἐκρίνατ’
929 838 1112 889 ὀνείρους,
1355 850 1416 881 150

101 901 203 944 ἀλλά
228 908 355 955 σφεας
381 903 562 955 κρατερὸς
589 903 788 954 Διομήδης
815 901 1025 955 ἐξενάριξε·

100 971 153 1020 βῆ
177 970 217 1009 δὲ
241 970 337 1020 μετὰ
362 969 520 1011 Ξάνθον
545 987 586 1011 τε
613 970 758 1011 Θόωνά
782 988 835 1017 τε,
864 970 1064 1012 Φαίνοπος
1087 971 1157 1017 υἷε,

101 1034 214 1087 ἄμφω
240 1034 452 1087 τηλυγέτω·
491 1037 511 1076 ὁ
535 1038 577 1077 δὲ
602 1038 749 1089 τείρετο
776 1035 892 1089 γήραϊ
917 1040 1061 1090 λυγρῷ,

99 1101 181 1142 υἱὸν
205 1101 236 1142 δ’
261 1101 305 1142 οὐ
330 1100 450 1142 τέκετ’
476 1102 601 1144 ἄλλον
628 1103 690 1143 ἐπὶ
715 1102 925 1144 κτεάτεσσι
950 1100 1151 1143 λιπέσθαι.

100 1167 176 1208 ἕνθ’
200 1169 222 1208 ὅ
245 1185 290 1220 γε
314 1169 402 1210 τοὺς
427 1168 588 1221 ἐνάριζε,
616 1170 738 1220 φίλον
763 1168 794 1209 δ’
822 1168 997 1220 ἐξαίνυτο
1023 1168 1143 1220 θυμὸν
1356 1182 1414 1212 155

100 1232 316 1287 ἀμφοτέρω,
344 1233 480 1286 πατέρι
504 1238 546 1277 δὲ
569 1236 664 1287 γόον
690 1236 752 1276 καὶ
778 1235 894 1286 κήδεα
918 1237 1044 1288 λυγρὰ

99 1300 213 1348 λεῖπ’,
239 1301 323 1342 ἐπεὶ
347 1301 390 1341 οὐ
417 1302 557 1352 ζώοντε
580 1301 710 1355 μάχης
736 1303 776 1342 ἐκ
803 1301 1049 1352 νοστήσαντε

101 1364 247 1416 δέξατο·
283 1368 486 1421 χηρωσταὶ
511 1370 552 1410 δὲ
576 1370 640 1409 διὰ
666 1370 804 1419 κτῆσιν
830 1368 1028 1409 δατέοντο.

158 1432 271 1474 ’Ἔνθ’
295 1435 379 1476 υἷας
403 1433 599 1487 Πριάμοιο
625 1435 701 1475 δύω
726 1435 832 1486 λάβε
859 1436 1108 1487 Δαρδανίδαο

101 1501 155 1540 εἶν
179 1501 236 1541 ἑνὶ
261 1501 385 1555 δίφρῳ
412 1501 559 1548 ἐόντας,
587 1499 814 1554 Ἐχέμμονά
838 1519 879 1542 τε
905 1502 1081 1553 Χρομίον
1105 1519 1159 1542 τε.
1352 1505 1414 1536 160

102 1566 150 1608 ὡς
173 1568 214 1607 δὲ
237 1565 339 1607 λέων
365 1568 406 1608 ἐν
431 1568 553 1618 βουσὶ
578 1569 702 1619 θορὼν
728 1566 774 1618 ἐξ
795 1566 943 1621 αὐχένα
966 1567 1064 1629 ἄξῃ·

101 1632 254 1684 πόρτιος
276 1633 321 1684 ἠὲ
345 1634 456 1684 βοός,
483 1632 653 1687 ξύλοχον
681 1633 775 1674 κάτα
798 1633 1100 1685 βασκομενάων,

101 1698 150 1741 ὣς
173 1699 260 1742 τοὺς
284 1698 529 1752 ἀμφοτέρους
554 1700 599 1751 ἐξ
621 1701 749 1742 ἵππων
773 1698 920 1743 Τυδέος
944 1700 1025 1743 υἱὸς

102 1767 205 1816 βῆσε
230 1770 353 1808 κακῶς
378 1764 574 1814 ἀέκοντας,
603 1766 737 1808 ἔπειτα
762 1769 803 1807 δὲ
826 1767 953 1820 τεύχε’
979 1767 1117 1808 ἐσύλα·

102 1831 238 1874 ἵππους
261 1831 294 1873 δ’
319 1834 376 1875 οἷς
402 1832 577 1885 ἑτάροισι
601 1835 706 1874 δίδου
730 1834 827 1884 μετὰ
852 1836 948 1884 νῆας
973 1833 1165 1874 ἐλαύνειν.
1357 1836 1414 1875 165

165 1897 245 1939 Τὸν
270 1898 302 1939 δ’
327 1901 407 1940 ἴδεν
432 1901 590 1942 Αἰνείας
613 1899 866 1949 ἀλαπάζοντα
891 1900 1032 1953 στίχας
1056 1900 1220 1952 ἀνδρῶν,

103 1965 156 2014 βῆ
180 1963 213 2004 δ’
235 1965 322 2016 ’ίμεν
345 1965 392 2006 ἄν
416 1983 458 2007 τε
480 1965 613 2019 μάχην
637 1967 700 2007 καὶ
725 1967 797 2007 ἀνὰ
825 1966 965 2007 κλόνον
991 1965 1183 2019 ἐγχειάων

104 2029 310 2083 Πάνδαρον
334 2033 511 2073 ἀντίθεον
534 2031 748 2084 διζήμενος,
776 2034 813 2074 εἴ
833 2050 908 2073 που
933 2033 1102 2085 ἐφεύροι·

104 2095 188 2148 εὗρε
210 2097 406 2141 Λυκάονος
429 2099 513 2139 υἱὸν
536 2098 714 2150 ἀμύμονά
738 2116 779 2140 τε
806 2099 990 2151 κρατερόν
1014 2115 1068 2145 τε,

104 2164 176 2212 στῆ
201 2165 243 2204 δὲ
264 2164 404 2216 πρόσθ’
430 2165 561 2206 αὐτοῖο
585 2166 677 2208 ἔπος
701 2163 745 2206 τέ
767 2182 833 2216 μιν
859 2166 991 2206 ἀντίον
1015 2165 1124 2214 ηὔδα·
1354 2175 1415 2205 170

106 2228 130 2244 “
146 2228 338 2282 Πάνδαρε,
365 2235 439 2272 ποῦ
463 2249 523 2272 τοι
546 2230 660 2282 τόξον
686 2233 742 2272 ἰδὲ
766 2232 993 2282 πτερόεντες
1018 2231 1146 2271 ὀϊστοὶ

149 2332 205 2362 141
230 2322 369 2366 κέχυντο
389 2324 460 2356 Ve:
486 2324 638 2358 τέτανται
654 2324 725 2373 pm,
751 2335 783 2356 v.
808 2335 875 2356 om.
898 2322 959 2355 U¹3
1104 2325 1165 2362 146
1187 2326 1245 2356 τοῦ
1267 2324 1294 2356 δ’
1313 2323 1423 2365 ἐτέρου

105 2363 182 2398 Zen.
324 2369 385 2406 156
415 2368 601 2410 ἀμφοτέρων
624 2368 705 2400 Zen.
728 2366 915 2406 εἰςΙιΠῘ32
936 2367 1000 2399 aL:
1034 2366 1226 2409 ἀμφοτέροιν
1245 2366 1357 2398 me⁸
1369 2366 1423 2398 Lll

107 2407 158 2438 L¹⁶
170 2407 224 2440 P¹³
358 2411 416 2442 162
441 2411 570 2453 πάρ-νιος
590 2410 644 2442 L¹⁴
661 2423 667 2442 :
693 2410 852 2448 βουκόλου
870 2410 947 2442 Zen.
