1624 2802
539 160 573 194 7.
647 156 771 194 ΙΛΙΑ
788 157 907 195 ΔΟΣ
957 158 995 195 Η

109 260 134 276 “
151 256 366 310 ἀφραίνεις,
393 255 579 297 Μενέλαε
603 256 820 310 διοτρεφές,
848 257 938 298 οὐδέ
960 259 1002 298 τί
1023 275 1069 299 σε
1094 259 1168 312 χρὴ

107 323 246 373 ταύτης
270 323 512 375 ἀφροσύνης·
550 324 624 363 ἀνὰ
648 326 690 364 δὲ
718 323 818 377 σχέο
845 324 1058 374 κηδόμενός
1082 341 1167 376 περ,

105 389 192 439 μηδ’
217 388 320 429 ἔθελ’
348 386 394 438 ἐξ
415 389 539 441 ἔριδος
564 393 636 430 σεῦ
661 390 838 441 ἀμείνονι
863 391 966 442 φωτὶ
989 390 1203 444 μάχεσθαι,

99 454 262 508 ’Ἕκτορι
285 457 498 512 Πριαμίδῃ,
523 456 593 496 τόν
617 473 660 496 τε
686 455 899 508 στυγέουσι
925 458 988 496 καὶ
1012 456 1143 497 ἄλλοι.

107 523 167 563 καὶ
192 522 224 562 δ’
252 522 437 575 Ἀχιλεὺς
460 522 583 577 τούτῳ
608 539 655 575 γε
678 523 786 578 μάχῃ
813 523 871 562 ἔνι
895 525 1113 579 κυδιανείρῃ

107 587 223 640 ἔρριγ’
249 589 526 639 ἀντιβολῆσαι,
554 590 576 629 ὅ
600 606 671 641 περ
698 588 769 629 σέο
796 589 951 629 πολλὸν
977 590 1158 640 ἀμείνων.

105 655 209 694 ἀλλὰ
234 654 284 694 σὺ
307 657 380 705 μὲν
405 659 472 695 νῦν
497 655 576 705 ἵζευ
601 656 669 695 ἰὼν
694 658 792 706 μετὰ
818 656 929 698 ἔθνος
955 658 1130 708 ἑταίρων,

103 721 224 775 τούτῳ
250 723 291 761 δὲ
318 722 468 773 πρόμον
491 721 618 761 ἄλλον
643 721 943 772 ἀναστήσουσιν
967 722 1137 775 Ἀχαιοί.

105 788 142 827 εί
163 804 234 839 περ
258 786 388 838 ἀδειής
411 787 444 827 τ’
470 789 557 828 ἐστὶ
584 789 646 828 καὶ
672 790 704 828 εἰ
728 790 851 839 μόθου
876 789 959 829 ἔστ’
986 790 1189 840 ἀκόρητος,

105 853 208 906 φημί
228 870 293 904 μιν
318 854 527 896 ἀσπασίως
551 855 648 907 γόνυ
673 855 857 907 κάμψειν,
885 857 928 895 αἵ
950 872 991 895 κε
1018 856 1171 911 φύγῃσι

103 919 208 970 δηΐου
235 921 276 959 ἐκ
301 919 491 970 πολέμοιο
517 922 577 961 καὶ
604 924 714 971 αἰνῆς
738 921 978 971 δηϊοτῆτος.”

163 984 242 1027 Α,Ως
267 987 387 1026 εἰπὼν
412 986 652 1039 παρέπεισεν
678 988 891 1039 ἀδελφειοῦ
917 987 1064 1040 φρένας
1088 988 1189 1039 ἥρως

103 1053 242 1103 αἴσιμα
265 1053 478 1104 παρειπών,
506 1054 526 1092 ὁ
552 1053 584 1092 δ’
611 1055 801 1094 ἐπείθετο·
837 1057 905 1093 τοῦ
928 1057 1000 1104 μὲν
1025 1055 1159 1094 ἔπειτα

103 1119 314 1171 γηθόσυνοι
338 1119 574 1171 θεράποντες
598 1120 664 1160 ἀπ’
690 1120 805 1170 ὤμων
829 1120 957 1173 τεύχε’
983 1121 1132 1160 ἕλοντο·

105 1184 270 1237 Νέστωρ
296 1185 327 1225 δ’
353 1185 592 1237 Ἀργείοισιν
617 1187 805 1226 ἀνίστατο
832 1187 893 1226 καὶ
917 1185 1132 1237 μετέειπεν·

105 1253 130 1268 “
146 1250 176 1291 ὢ
199 1252 332 1297 πόποι,
360 1251 384 1302 ἦ
407 1251 509 1304 μέγα
533 1251 677 1294 πένθος
701 1252 883 1306 Ἀχαιΐδα
909 1256 1023 1304 γαῖαν
1049 1252 1184 1292 ἱκάνει.

103 1316 127 1367 ἧ
152 1334 193 1357 κε
214 1317 301 1370 μέγ’
327 1317 505 1368 οἰμώξειε
529 1318 656 1370 γέρων
681 1318 883 1369 ἱππηλάτα
908 1319 1079 1368 Πηλεύς,

104 1383 249 1426 ἐσθλὸς
274 1385 535 1436 Μυρμιδόνων
559 1386 815 1437 βουληφόρος
840 1385 899 1434 ἠδ’
925 1384 1132 1436 ἀγορητής,

104 1451 146 1491 ὅς
170 1449 266 1490 ποτέ
287 1450 327 1501 μ’
354 1451 553 1502 εἰρόμενος
576 1450 665 1503 μέγ’
691 1450 851 1503 ἐγήθεεν
877 1449 905 1505 ᾧ
932 1451 990 1491 ἐνὶ
1015 1453 1120 1505 οἴκῳ,

104 1515 259 1556 πάντων
283 1516 472 1569 Ἀργείων
499 1516 618 1569 ἐρέων
642 1516 783 1569 γενεήν
807 1534 850 1557 τε
873 1518 989 1557 τόκον
1012 1534 1067 1557 τε.

103 1581 191 1624 τοὺς
214 1586 282 1623 νῦν
306 1584 338 1623 εἰ
364 1583 625 1625 πτώσσοντας
648 1583 716 1635 ὑφ’
734 1582 899 1635 ’Έκτορι
923 1583 1071 1624 πάντας
1096 1583 1274 1628 ἀκούσαι,

104 1649 235 1689 πολλά
261 1666 326 1689 κεν
351 1649 584 1689 ἀθανάτοισι
608 1650 730 1701 φίλας
755 1650 828 1689 ἀνὰ
853 1652 987 1703 χεῖρας
1012 1650 1149 1700 ἀείραι,

104 1714 223 1766 θυμὸν
248 1715 325 1756 ἀπὸ
349 1714 503 1765 μελέων
528 1719 636 1756 δῦναι
661 1717 781 1766 δόμον
799 1714 935 1757 ’Ἄϊδος
959 1717 1068 1756 εἴσω.

103 1780 142 1821 αἲ
166 1781 254 1833 γάρ,
282 1785 359 1822 Ζεῦ
383 1799 425 1822 τε
450 1782 571 1833 πάτερ
598 1782 658 1822 καὶ
684 1781 870 1831 Ἀθηναίη
899 1782 960 1821 καὶ
977 1781 1198 1826 ”Απολλον,

101 1846 230 1902 ἡβῷμ’
256 1848 306 1889 ὡς
329 1847 385 1887 ὅτ’
411 1847 470 1888 ἐπ’
497 1848 651 1902 ὠκυρόῳ
680 1848 898 1888 Κελάδοντι
924 1847 1098 1901 μάχοντο

104 1913 311 1965 ἀγρόμενοι
336 1914 486 1954 Πύλιοί
506 1931 548 1954 τε
574 1914 636 1954 καὶ
661 1914 848 1965 Ἀρκάδες
874 1915 1150 1966 ἐγχεσίμωροι,

105 1981 225 2022 Φειᾶς
248 1982 326 2032 πὰρ
350 1981 570 2034 τείχεσσιν,
597 1979 799 2031 Ἰαρδάνου
825 1980 926 2031 ἀμφὶ
950 1979 1102 2031 ῥέεθρα.

1369 341 1426 362 110

1367 671 1426 700 115

1363 1000 1423 1021 120

1364 1331 1422 1361 125

1362 1662 1422 1692 130

1363 1990 1421 2020 135

149 2080 208 2109 109
232 2070 312 2112 χρὴ]
330 2072 416 2112 χρεώ
431 2075 471 2101 il
569 2079 629 2100 110
652 2068 687 2100 δὲ
705 2068 785 2109 σχέο
801 2067 860 2099 ΑΓ.
884 2068 976 2099 Hdn.
996 2067 1232 2104 aefoqAT:
1259 2066 1286 2100 δ’
1304 2070 1426 2108 ἄνσχεο

103 2123 122 2143 ο
133 2117 175 2144 h:
209 2115 235 2145 δ’
251 2116 344 2154 ἴσχεο
361 2113 448 2153 vulg.
568 2122 628 2143 112
653 2125 711 2143 τον
730 2125 768 2143 τε
784 2111 973 2152 τρομ[εουσι
989 2108 1061 2157 1235,
1081 2112 1139 2142 τὸν
1156 2113 1263 2151 ὑποτρ.
1282 2111 1340 2140 Vi⁴

106 2164 165 2194 113
187 2156 304 2188 τοῦτόν
319 2170 358 2196 γε
374 2167 395 2186 ν
419 2157 439 2187 l.
461 2157 494 2186 in
513 2156 544 2186 A
560 2155 692 2192 (τοῦτον
706 2153 767 2194 Ul)
861 2164 919 2192 114
944 2155 1156 2192 ἀντιμολῆσαι
1174 2165 1202 2183 v.
1218 2153 1239 2183 l.
1257 2158 1324 2183 ant.
1343 2155 1423 2193 (nv.)

189 2199 304 2238 ἀμείνω
320 2199 401 2230 Zen.
422 2198 469 2229 M⁹
488 2199 543 2238 (cf.
565 2203 590 2230 Α
607 2198 665 2237 80)
768 2207 825 2235 127
850 2195 1032 2237 μειρόμενος
1047 2195 1132 2236 μέγα
1149 2197 1174 2228 δ’
1193 2196 1270 2236 (leg.
1291 2196 1423 2237 μεγάλ’)

105 2240 235 2274 ἔστενεν
257 2241 342 2272 Zen.
487 2251 548 2280 130
573 2241 668 2281 φίλας
693 2241 767 2281 ἀνὰ]
793 2240 922 2280 βαρείας
945 2238 1001 2268 ΑΓ.
1030 2240 1079 2277 (ἐν
1102 2241 1173 2270 ταῖς
1198 2239 1425 2279 ἐξητασμέναις

104 2283 316 2326 Ἀριστάρχου
331 2284 425 2325 Did.)
440 2295 458 2316 c
469 2288 495 2315 h
587 2293 643 2322 131
669 2284 744 2315 ἀπαὶ
760 2287 783 2313 b
794 2282 857 2319 gG
874 2283 916 2313 al.
932 2293 937 2311 :
964 2281 1045 2312 ἀπὲκ
1061 2291 1098 2311 m
1188 2291 1248 2320 133
1266 2282 1423 2314 Ἀκίδοντι

104 2336 133 2356 ν.
150 2327 173 2357 l.
190 2337 242 2366 ap.
261 2328 370 2358 Strab.
390 2329 454 2366 348
615 2336 674 2365 135
699 2325 805 2366 Φειᾶς]
825 2325 909 2357 Χάας
926 2335 956 2356 ν.
974 2325 992 2355 l.
1014 2333 1066 2363 ap.
1088 2323 1196 2355 Strab.
1217 2325 1236 2355 l.
1252 2335 1274 2355 c.
1292 2336 1297 2355 :
1322 2328 1424 2366 φηρᾶς

107 2368 180 2401 Did.
198 2370 281 2400 duce
301 2370 518 2411 Pherecyde:
544 2370 585 2402 cf.
606 2383 622 2401 ο
639 2379 701 2410 297
