1624 2802
0 1870 10 1883 ·-
0 1210 28 1861 WW-suw--v-z-:rffi
2 1162 26 1189 z

552 130 611 165 12.
685 127 941 164 ΙΛΙΑΔΟΣ
993 128 1035 165 Μ

132 227 163 268 ὥ
187 227 220 268 τ’
244 228 366 282 ὀλίγῳ
393 228 449 268 ἐνὶ
474 227 588 282 χώρῳ
617 229 792 280 ἐρίζητον
815 231 903 281 περὶ
927 231 1032 280 ἴσης,

133 295 184 336 ὣς
208 294 282 347 ἄρα
306 294 395 336 τοὺς
419 293 595 346 διέεργον
622 293 816 344 ἐπάλξιες·
854 297 890 335 οἱ
915 295 948 335 δ’
973 297 1069 348 ὑπὲρ
1094 296 1241 339 αὐτέων

132 362 249 418 δῄουν
273 359 462 410 ἀλλήλων
488 361 591 412 ἀμφὶ
617 360 813 410 στήθεσσι
837 363 974 412 βοείας
1388 378 1453 410 425

133 428 304 469 ἀσπίδας
329 427 538 468 εὐκύκλους
561 425 728 477 λαισήϊά
751 444 794 467 τε
817 429 1041 479 πτερόεντα.

133 494 279 535 πολλοὶ
304 492 335 533 δ’
361 491 569 543 οὐτάζοντο
596 495 694 534 κατὰ
717 494 819 546 χρόα
842 494 956 543 νηλέϊ
979 499 1128 549 χαλκῷ,

131 560 230 611 ἠμὲν
255 561 351 614 ὅτεῳ
380 559 617 613 στρεφθέντι
640 558 866 612 μετάφρενα
891 562 1108 612 γυμνωθείη

131 625 400 679 μαρναμένων,
429 628 574 667 πολλοὶ
599 629 642 667 δὲ
666 628 874 678 διαμπερὲς
900 627 1066 669 ἀσπίδος
1092 628 1220 679 αὐτῆς.

132 691 258 749 πάντῃ
286 693 330 743 δὴ
356 693 499 745 πύργοι
524 693 585 733 καὶ
611 691 796 743 ἐπάλξιες
820 695 952 744 αἵματι
979 698 1121 746 φωτῶν
1389 709 1455 740 430

132 758 310 813 ἐρράδατ’
333 759 613 812 ἀμφοτέρωθεν
639 759 715 800 ἀπὸ
738 760 886 811 Τρώων
912 761 973 800 καὶ
998 760 1186 813 Ἀχαιῶν.

133 826 224 867 ἀλλ’
250 826 329 866 οὐδ’
353 827 405 868 ῶς
431 826 616 869 ἐδύναντο
642 827 777 878 φόβον
802 828 965 877 ποιῆσαι
988 826 1173 880 Ἀχαιῶν,

133 892 225 934 ἀλλ’
253 893 348 946 ἔχον
372 894 424 934 ὥς
448 910 490 933 τε
514 891 687 934 τάλαντα
711 893 808 945 γυνὴ
834 895 1016 946 χερνῆτις
1041 893 1202 944 ἀληθής,

131 960 157 1010 ἥ
180 976 222 1000 τε
248 959 426 1010 σταθμὸν
452 960 602 1013 ἔχουσα
628 960 689 999 καὶ
715 961 833 1012 εἴριον
859 960 982 1011 ἀμφὶς
1007 959 1163 1001 ἀνέλκει

134 1024 325 1076 ἷσάζουσ’,
353 1027 418 1066 ἵνα
441 1026 580 1067 παισὶν
604 1025 736 1067 ἀεικέα
759 1026 903 1077 μισθὸν
927 1025 1077 1078 ἄρηται*
1389 1039 1452 1070 435

133 1093 184 1134 ὣς
207 1094 279 1144 μὲν
304 1096 382 1133 τῶν
407 1094 472 1133 ἐπὶ
496 1093 566 1133 ἶσα
588 1091 695 1146 μάχη
721 1092 859 1133 τέτατο
884 1093 1079 1143 πτόλεμός
1102 1109 1157 1140 τε,

132 1160 223 1211 πρίν
248 1158 284 1211 γ’
309 1160 375 1200 ὅτε
399 1158 444 1209 δὴ
470 1159 570 1202 Ζεὺς
595 1162 707 1201 κῦδος
730 1159 940 1212 ὑπέρτερον
957 1158 1119 1211 ’Έκτορι
1145 1162 1244 1199 δῶκε

133 1227 344 1282 Πριαμίδῃ,
372 1225 414 1267 ὃς
438 1229 589 1278 πρῶτος
615 1225 788 1277 ἐσήλατο
813 1230 944 1279 τεῖχος
968 1226 1153 1280 Ἀχαιῶν.

131 1291 253 1343 ἤϋσεν
278 1294 320 1333 δὲ
344 1293 575 1344 διαπρύσιον
599 1293 786 1344 Τρώεσσι
809 1293 1004 1345 γεγωνώς·

135 1360 160 1376 “
176 1358 347 1411 ὄρνυσθ’,
377 1360 590 1410 ἱππόδαμοι
612 1362 758 1410 Τρῶες,
784 1358 982 1411 ῥήγνυσθε
1006 1361 1047 1400 δὲ
1072 1363 1203 1412 τεῖχος
1385 1371 1454 1402 440

133 1424 322 1478 Ἀργείων
349 1425 410 1465 καὶ
435 1426 575 1475 νηυσὶν
600 1427 723 1466 ἐνίετε
748 1428 956 1467 θεσπιδαὲς
980 1425 1093 1478 πῦρ,”

191 1490 273 1533 ΔΩς
299 1490 391 1544 φάτ’
417 1492 653 1543 ἐποτρύνων,
680 1494 715 1532 οἱ
740 1491 773 1531 δ’
799 1492 912 1532 οὔασι
939 1490 1080 1533 πάντες
1104 1491 1257 1538 ἄκουον,

132 1560 274 1600 ἴθυσαν
300 1558 332 1598 δ’
360 1559 424 1599 ἐπὶ
448 1562 580 1612 τεῖχος
605 1557 782 1599 ἀολλέεςι
819 1560 854 1598 οἱ
879 1560 950 1608 μὲν
974 1559 1109 1599 ἔπειτα

133 1622 343 1676 κροσσάων
369 1624 584 1675 ἐπέβαινον
609 1624 813 1678 ἀκαχμένα
837 1624 987 1676 δούρατ’
1012 1625 1183 1678 ἔχοντες,

125 1690 281 1744 (Έκτωρ
305 1691 337 1732 δ’
361 1689 537 1743 ἁρπάξας
561 1693 662 1731 λᾶαν
688 1690 821 1743 φέρεν,
847 1692 889 1732 ὅς
911 1692 961 1743 ῥα
984 1689 1144 1732 πυλάων
1386 1701 1449 1733 445

133 1757 289 1808 ἑστήκει
313 1758 477 1810 πρόσθε,
505 1757 676 1810 πρυμνὸς
700 1758 841 1811 παχύς,
867 1757 986 1809 αὐτὰρ
1010 1758 1176 1809 ὕπερθεν

132 1823 224 1875 ὀξὺς
248 1824 328 1876 ἔην·
365 1824 433 1865 τὸν
459 1824 490 1864 δ’
517 1825 561 1864 οὔ
587 1841 627 1864 κε
652 1823 708 1864 δύ’
734 1824 845 1876 ἀνέρε
871 1823 991 1874 δήμου
1016 1824 1163 1876 ἀρίστω

130 1892 286 1943 ῥηϊδίως
311 1891 371 1932 ἐπ’
396 1890 549 1942 ἄμαξαν
574 1890 641 1931 ἀπ’
666 1891 798 1933 οὔδεος
822 1891 1073 1944 ὀχλίσσειαν,

133 1958 209 1998 οἷοι
232 1961 300 1999 νῦν
323 1959 467 2010 βροτοί
489 1957 577 1998 εἷσ’·
616 1958 636 1996 ὁ
660 1957 703 1997 δέ
726 1975 792 2007 μιν
816 1957 886 2009 ῥέα
911 1955 1041 1997 πάλλε
1067 1956 1127 1997 καὶ
1151 1956 1243 1997 οἶος.

133 2025 200 2064 τόν
224 2026 260 2065 οἱ
285 2025 461 2077 ἐλαφρὸν
487 2025 599 2074 ἔθηκε
627 2025 778 2075 Κρόνου
802 2023 893 2065 πάϊς
919 2022 1210 2074 ἀγκυλομήτεω.
1387 2034 1451 2064 450

174 2127 235 2156 423
261 2117 357 2159 ὀλίγῃ
377 2118 420 2149 ἐνὶ
438 2118 525 2158 χώρῃ
544 2116 625 2147 Zen.
719 2115 810 2156 ἴσης]
828 2116 916 2153 νίκης
933 2115 1046 2155 Apoll.
1065 2117 1131 2146 lex.
1152 2126 1177 2146 s.
1191 2126 1220 2146 v.
1240 2115 1262 2147 ὧ
1360 2125 1421 2154 424
1436 2126 1455 2146 a

433 2161 559 2197 βάλλον
579 2159 769 2200 ἀμυνόμενοι
786 2159 989 2200 χαλκήρεσιν
1007 2159 1158 2200 ἐγχείῃσι

130 2204 206 2234 add.
225 2202 304 2234 12V⁴³
322 2213 426 2242 marg.
527 2203 591 2241 428
615 2204 696 2242 ὅτεῳ
714 2203 794 2233 Zen.
817 2214 823 2233 :
848 2203 909 2242 ὅτῳ
927 2202 1021 2232 codd.
1122 2212 1186 2241 430
1209 2203 1248 2240 δὴ
1263 2201 1323 2232 Ar.
1342 2201 1427 2240 vulg.
1447 2214 1454 2232 z

129 2249 156 2278 δ’
168 2245 189 2288 ᾗ
204 2247 377 2285 Tyrannio
395 2257 401 2276 :
426 2246 461 2278 δὲ
477 2249 626 2283 depqr
638 2244 693 2275 L¹⁹
783 2254 847 2283 433
871 2244 894 2285 ᾧ
910 2259 947 2276 τε
966 2256 993 2275 ν.
1011 2245 1029 2276 l.
1049 2250 1118 2275 ant.
1208 2246 1323 2282 ἀλῆτις
1339 2244 1450 2284 Apoll.

131 2290 212 2327 lex.,
235 2289 286 2328 ΡΙ,
303 2303 356 2331 γρ.
376 2289 422 2319 Μ1
439 2287 494 2319 pn
639 2298 703 2327 435
729 2288 856 2320 ἀνεικέα
873 2299 902 2318 v.
918 2288 938 2318 l.
958 2293 1026 2319 ant.
1043 2299 1050 2318 ε
1075 2288 1223 2328 ἀμεμφέα
1239 2298 1268 2319 v.
1283 2288 1302 2318 l.
1320 2288 1376 2318 cit.
1394 2287 1452 2318 Ar.

132 2333 182 2373 (ἐν
197 2336 242 2374 τῷ
259 2334 334 2373 πρὸς
350 2334 388 2364 τὺ
406 2332 545 2365 Ξένωνος
562 2332 750 2373 παράδοξονῖι
864 2342 925 2369 444
954 2333 1019 2363 ἐπεὶ
1039 2333 1109 2363 θεοῦ
1127 2331 1242 2362 ἔκλυον
1256 2331 1353 2368 αὐδήν
1369 2330 1450 2361 Zeu.

218 2385 284 2414 450
305 2386 370 2406 om.
389 2375 483 2415 Zeu„
503 2376 570 2407 ath.
589 2375 766 2414 Aristoph.
784 2375 842 2405 Ar.

218 2440 305 2461 ΗΘΜ.
328 2440 370 2459 11..
1283 2429 1321 2459 18
