1629 2828
541 173 575 207 2.
650 166 910 205 ῙΛῙΑΔΟΣ
964 169 990 204 Β

104 270 171 309 τόν
194 268 233 321 ῥ’
259 268 389 308 ἔτεκεν
414 268 527 319 Ῥήνη
553 269 617 309 ὑπ’
643 270 776 319 Ὀϊλῆϊ
802 270 1067 323 πτολιπόρθῳ.

170 335 221 375 Οἳ
246 334 278 374 δ’
304 333 414 387 εἶχον
436 336 609 386 Τρίκκην
636 337 696 375 καὶ
722 335 889 386 Ἰθώμην
915 337 1239 385 κλωμακόεσσαν,

105 400 195 442 οἵτ’
221 401 314 453 ἕχον
339 402 551 453 Οἰχαλίην,
579 401 697 441 πόλιν
724 401 898 453 Εὐρύτου
923 403 1155 454 Οἰχαλιῆος,

103 471 180 508 τῶν
206 466 290 507 αὖθ’
314 466 505 518 ἡγείσθην
530 466 777 517 Ἀσκληπιοῦ
803 468 869 507 δύο
895 471 1021 513 παῖδε,

105 532 226 585 ἰητῆρ’
252 533 398 585 ἀγαθώ,
428 534 688 585 Ποδαλείριος
713 533 781 583 ἠδὲ
807 533 1002 586 Μαχάων·

104 604 183 642 τοῖς
206 601 247 639 δὲ
273 598 478 651 τριήκοντα
503 599 704 651 γλαφυραὶ
730 598 815 641 νέες
841 601 1094 652 ἐστιχόωντο.

169 666 220 706 Οἳ
245 664 278 705 δ’
304 665 397 718 ἔχον
423 664 645 717 Ὀρμένιον,
671 666 712 705 οἵ
733 682 775 706 τε
801 664 944 717 κρήνην
967 665 1187 718 Ὑπέρειαν,

103 732 142 772 οἵ
163 731 196 772 τ’
221 731 315 784 ἔχον
340 730 549 783 Ἀστέριον
572 730 758 772 Τιτάνοιό
780 748 822 772 τε
847 733 968 772 λευκὰ
992 732 1152 784 κάρηνα,

102 801 179 838 τῶν
204 796 291 851 ἦρχ’
321 798 551 850 Εὐρύπυλος
578 797 796 848 Εὐαίμονος
821 798 970 850 ἀγλαὸς
994 799 1087 840 υἱός·

103 868 154 918 τῷ
180 863 213 904 δ’
240 863 319 914 ἅμα
341 863 641 915 τεσσαράκοντα
664 863 849 914 μέλαιναι
874 867 963 914 νῆες
989 865 1140 904 ἕποντο.

169 930 220 970 Οἳ
245 929 278 970 δ’
297 928 525 982 ’Ἄργισσαν
551 931 644 983 ἔχον
670 930 732 970 καὶ
758 931 963 982 Γυρτώνην
988 930 1185 981 ἐνέμοντο,

98 995 249 1048 ’Όρθην
274 995 460 1046 Ἠλώνην
484 1013 527 1036 τε
549 997 668 1036 πόλιν
693 996 726 1035 τ’
752 996 1008 1036 Ὀλοοσσόνα
1029 996 1186 1046 λευκήν,

102 1066 177 1102 τῶν
202 1062 285 1101 αὖθ’
310 1062 523 1114 ἡγεμόνευε
546 1064 839 1114 μενεπτόλεμος
864 1063 1128 1112 Πολυποίτης,

101 1128 183 1170 υἱὸς
208 1130 446 1180 Πειριθόοιο,
475 1128 543 1169 τὸν
569 1129 761 1170 ἀθάνατος
785 1128 917 1169 τέκετο
943 1129 1052 1169 Ζεύς·

101 1195 168 1235 τόν
192 1193 232 1246 ῥ’
257 1194 332 1234 ὑπὸ
358 1196 553 1249 Πειριθόῳ
578 1195 711 1235 τέκετο
738 1194 877 1235 κλυτὸς
900 1193 1154 1244 Ἱπποδάμεια

102 1260 219 1311 ἤματι
243 1264 294 1314 τῷ
321 1261 385 1300 ὅτε
410 1263 543 1312 Φῆρας
570 1262 747 1301 ἐτείσατο
773 1259 1030 1314 λαχνήεντας,

103 1326 190 1367 τοὺς
215 1325 246 1366 δ’
274 1328 314 1366 ἐκ
342 1328 495 1376 Πηλίου
520 1325 601 1367 ὦσε
627 1328 690 1367 καὶ
716 1328 927 1367 Αἰθίκεσσι
952 1327 1173 1367 πέλασσεν·

101 1392 168 1432 οὐκ
193 1392 285 1437 οἶος,
313 1391 391 1443 ἅμα
417 1397 469 1447 τῷ
495 1410 539 1445 γε
566 1394 769 1439 Λεοντεύς,
798 1393 884 1442 ὄζος
903 1393 1061 1444 ’Ἃρηος,

100 1458 181 1500 υἱὸς
205 1458 439 1509 ὑπερθύμοιο
467 1460 649 1510 Κορώνου
677 1459 895 1499 Καινεΐδαο·

101 1528 181 1566 τοῖς
205 1524 237 1564 δ’
263 1524 342 1574 ἅμα
367 1525 667 1577 τεσσαράκοντα
691 1525 874 1576 μέλαιναι
899 1528 988 1575 νῆες
1014 1526 1167 1565 ἕποντο.

169 1590 332 1632 Γουνεὺς
357 1590 389 1630 δ’
416 1592 458 1630 ἐκ
484 1592 621 1642 Κύφου
647 1590 717 1642 ἦγε
742 1593 818 1631 δύω
845 1592 905 1631 καὶ
933 1594 1055 1631 εἴκοσι
1081 1594 1186 1641 νῆας·

101 1659 152 1710 τῷ
177 1655 210 1696 δ’
236 1656 414 1706 Ἐνιῆνες
439 1657 579 1696 ἕποντο
603 1658 890 1708 μενεπτόλεμοί
911 1674 952 1697 τε
979 1660 1187 1709 Περαιβοί,

102 1723 136 1762 οἲ
161 1723 248 1774 περὶ
274 1723 473 1772 Δωδώνην
498 1724 757 1775 δυσχείμερον
782 1723 872 1762 οἰκί’
900 1724 1044 1767 ἔθεντο,

102 1788 141 1827 οἵ
161 1787 194 1828 τ’
219 1787 317 1839 ἀμφ’
345 1788 500 1841 ἱμερτὸν
523 1788 763 1839 Τιταρήσιον
789 1789 868 1840 ἔργ’
894 1788 1091 1839 ἐνέμοντο,

103 1855 145 1895 ὅς
167 1853 207 1905 ῥ’
233 1855 273 1895 ἐς
299 1854 470 1904 Πηνειὸν
494 1854 621 1906 προΐει
647 1856 880 1906 καλλίρροον
905 1857 1018 1907 ὕδωρ,

102 1919 181 1959 οὐδ’
205 1920 228 1958 ὅ
251 1936 297 1971 γε
322 1923 477 1974 Πηνειῷ
503 1921 770 1972 συμμίσγεται
795 1922 1038 1976 ἀργυροδίνῃ,

103 1985 207 2025 ἀλλά
231 1985 273 2025 τέ
295 2002 363 2036 μιν
387 1986 627 2038 καθύπερθεν
654 1986 822 2038 ἐπιρρέει
846 1986 928 2036 ἠύτ’
955 1988 1102 2026 ἔλαιον·

103 2052 217 2103 ὅρκου
239 2053 314 2103 γὰρ
338 2055 464 2092 δεινοῦ
490 2052 637 2104 Στυγὸς
660 2053 799 2094 ὕδατός
825 2053 933 2092 ἐστιν
959 2052 1151 2104 ἀπορρώξ.

170 2117 394 2169 Μαγνήτων
419 2117 452 2158 δ’
476 2116 573 2171 ἦρχε
598 2119 776 2170 Πρόθοος
800 2119 1067 2169 Τενθρηδόνος
1091 2120 1184 2164 υἱός,

103 2183 139 2223 οἲ
162 2184 249 2235 περὶ
274 2184 446 2234 Πηνειὸν
472 2184 534 2224 καὶ
560 2183 714 2234 Πήλιον
741 2185 1024 2236 εἰνοσίφυλλον

1360 414 1423 446 730

1358 745 1420 777 735

1356 1075 1419 1105 740

1354 1405 1418 1436 745

1356 1736 1421 1765 750

147 2284 210 2313 729
235 2274 475 2314 κλιμακόεσσαν
494 2275 525 2305 Α
547 2285 644 2313 corn,
665 2274 763 2305 Paus.
785 2276 826 2305 iv.
845 2285 874 2314 9.
894 2285 924 2311 2,
943 2281 1019 2311 κλη-
1036 2271 1093 2303 V¹l
1105 2271 1170 2310 Vi2‚
1189 2271 1320 2303 U¹0V³2
1332 2283 1417 2305 corr.

189 2327 252 2356 733
271 2322 338 2350 τοῖς
351 2318 520 2350 Ar.·codd.
538 2319 591 2359 (cf.
607 2319 685 2357 516]
766 2319 827 2356 738
846 2318 996 2359 Ἀργειαν
1008 2327 1036 2346 v.
1050 2316 1068 2347 l.
1085 2327 1136 2355 ap.
1153 2315 1260 2358 Eust„
1276 2329 1326 2357 γρ.
1343 2315 1420 2346 Bm⁵

189 2370 246 2399 741
275 2361 430 2393 ἀθάνατον
450 2361 529 2393 Zen.
638 2372 697 2400 744
724 2362 909 2394 Αἰθιόπεσσι
930 2360 1149 2390 Democrines

1252 2369 1312 2398 747
1337 2359 1418 2399 τοῖς]

102 2406 146 2442 τῷ
162 2406 187 2433 h
204 2404 244 2434 al.
357 2405 419 2443 748
443 2404 504 2436 δύω
522 2406 570 2435 καὶ
593 2404 708 2445 εἴκοσι]
727 2428 733 2435 .
756 2428 761 2436 .
784 2418 834 2436 και
859 2408 913 2436 δεκ
931 2426 938 2434 .
959 2428 965 2435 .
983 2402 1041 2451 pff
1061 2403 1116 2434 (cf.
1139 2402 1215 2435 Eur.
1238 2404 1260 2434 1.
1281 2403 1322 2434 A.
1342 2403 1415 2441 278)

190 2456 249 2485 754
277 2447 440 2489 ἐπιτρέχει
462 2448 514 2477 cit.
537 2447 644 2479 Strab.
665 2459 725 2486 441
