1670 2828
624 151 659 186 2.
736 145 998 183 ΙΛΙΑΔΟΣ
1068 146 1098 182 Β

199 251 296 301 μηδὲ
322 249 367 290 ἔα
389 250 485 299 νῆας
509 247 623 290 ἅλαδ’
649 248 814 299 ἑλκέμεν
839 247 1154 300 ἀμφιελίσσας.”

261 314 340 357 ‘¹529
365 315 492 367 ἔφατ’,
520 315 598 355 οὐδ’
623 316 794 365 ἀπίθησε
819 316 888 355 θεὰ
914 318 1140 366 γλαυκῶπις
1165 313 1327 366 Ἀθήνη,

198 383 254 433 βῆ
280 383 322 422 δὲ
348 381 427 421 κατ’
453 382 685 433 Οὐλύμποιο
711 380 886 433 καρήνων
913 377 1072 430 ἀΐξασα·

201 447 452 497 καρπαλίμως
477 445 511 486 δ’
536 446 645 486 ἵκανε
670 446 764 486 θοὰς
791 443 857 485 ἐπὶ
883 445 979 493 νῆας
1005 442 1194 496 Ἀχαιῶν.

201 511 309 563 εὗρεν
335 510 453 551 ἔπειτ’
478 510 667 559 Ὀδυσῆα,
697 509 764 548 Διὶ
789 510 905 559 μῆτιν
931 507 1167 555 ἀτάλαντον,

200 576 368 618 ἑσταότ’·
406 575 482 616 οὐδ’
510 577 532 615 ὅ
555 593 601 628 γε
625 574 716 625 νηὸς
741 574 983 625 ἐϋσσέλμοιο
1006 576 1196 626 μελαίνης

200 643 343 689 ἅπτετ’,
371 643 458 683 ἐπεί
478 659 543 693 μιν
571 641 666 694 ἄχος
692 642 851 692 κραδίην
876 641 940 681 καὶ
965 641 1086 692 θυμὸν
1111 642 1256 683 ἵκανεν·

200 711 325 762 ἀγχοῦ
350 708 383 749 δ’
410 708 597 759 ἱσταμένη
624 707 807 760 προσέφη
833 711 1059 760 γλαυκῶπις
1082 707 1243 759 Ἀθήνη·

203 776 227 793 “
245 770 418 827 διογενὲς
444 774 677 827 Λαερτιάδη,
704 773 954 827 πολυμήχαν’
979 774 1193 821 Ὀδυσσεῦ,

200 843 297 882 οὕτω
323 842 367 891 δὴ
393 841 543 882 οἶκόνδε
569 842 694 893 φίλην
720 843 759 883 ἐς
783 843 952 893 πατρίδα
975 845 1092 893 γαῖαν

201 907 386 960 φεύξεσθ’
412 909 454 948 ἐν
477 906 621 958 νήεσσι
645 905 887 958 πολυκλήϊσι
912 908 1116 954 πεσόντες,

203 977 270 1014 κὰδ
296 974 337 1015 δέ
363 991 427 1015 κεν
452 973 632 1027 εὐχωλὴν
659 973 824 1028 Πριάμῳ
851 974 914 1014 καὶ
939 976 1077 1026 Τρωσὶ
1101 976 1258 1017 λίποιτε

200 1041 382 1093 Ἀργείην
405 1039 587 1090 Ἑλένην,
613 1040 658 1091 ἧς
684 1042 813 1081 εἵνεκα
837 1041 983 1082 πολλοὶ
1007 1041 1182 1094 Ἀχαιῶν

200 1109 241 1148 ἐν
265 1109 386 1163 Τροίῃ
412 1107 619 1153 ἀπόλοντο,
648 1108 769 1159 φίλης
793 1107 871 1147 ἀπὸ
896 1109 1080 1160 πατρίδος
1105 1109 1211 1159 α’ίης;

201 1173 291 1214 ἀλλ’
316 1175 369 1214 ’ίθι
394 1177 461 1214 νῦν
487 1176 583 1213 κατὰ
606 1173 705 1214 λαὸν
730 1173 916 1227 Ἀχαιῶν,
943 1174 1032 1225 μηδ’
1057 1174 1110 1215 ἔτ’
1137 1175 1260 1226 ἐρώει,

202 1243 288 1282 σοῖς
312 1239 344 1280 δ’
370 1241 530 1292 ἀγανοῖς
556 1240 743 1281 ἐπέεσσιν
769 1239 903 1292 ἐρήτυε
929 1244 1043 1293 φῶτα
1067 1241 1249 1287 ἕκαστον,

200 1309 295 1357 μηδὲ
321 1307 366 1347 ἔα
389 1309 483 1357 νῆας
507 1306 619 1347 ἅλαδ’
646 1306 810 1358 ἑλκέμεν
836 1307 1146 1360 ἆμφιελίσσας.”

261 1372 340 1415 ΔΩς
365 1372 470 1425 φάθ’,
498 1375 517 1412 ὁ
544 1376 585 1414 δὲ
610 1371 771 1423 ξυνέηκε
796 1376 888 1416 θεᾶς
911 1375 989 1414 ὅπα
1013 1373 1272 1426 φωνησάσης,

200 1441 255 1491 βῆ
281 1442 322 1480 δὲ
349 1439 462 1485 θέειν,
490 1440 565 1481 ἀπὸ
591 1442 632 1480 δὲ
657 1444 830 1493 χλαῖναν
854 1440 972 1491 βάλε·
1010 1440 1081 1491 τὴν
1107 1440 1140 1481 δ’
1167 1442 1357 1492 ἐκόμισσε

202 1504 322 1558 κῆρυξ
344 1506 572 1559 Εὐρυβάτης
597 1505 830 1557 Ἰθακήσιος,
858 1508 900 1549 ὅς
924 1509 960 1548 οἱ
984 1505 1133 1558 ὀπήδει·

201 1573 316 1615 αὐτὸς
341 1573 372 1612 δ’
398 1572 605 1625 Ἀτρεΐδεω
632 1573 927 1626 Ἀγαμέμνονος
952 1575 1081 1617 ἀντίος
1107 1574 1235 1615 ἐλθὼν

201 1638 339 1689 δέξατό
363 1641 398 1680 οἱ
423 1642 620 1692 σκῆπτρον
646 1640 855 1693 πατρώϊον,
883 1640 1052 1693 ἄφθιτον
1076 1642 1166 1681 αἰεί·

201 1706 275 1746 σὺν
299 1709 351 1760 τῷ
377 1706 450 1756 ἔβη
478 1709 573 1747 κατὰ
598 1710 693 1758 νῆας
718 1707 894 1761 Ἀχαιῶν
918 1708 1239 1761 χαλκοχιτώνων.

261 1771 339 1812 ’Όν
364 1790 449 1812 τινα
472 1776 543 1823 μὲν
569 1776 752 1824 βασιλῆα
779 1775 841 1815 καὶ
867 1771 1008 1828 ἔξοχον
1031 1774 1154 1827 ἄνδρα
1180 1774 1320 1827 κιχείη,

199 1838 267 1879 τὸν
292 1838 324 1878 δ’
350 1840 509 1891 ἀγανοῖς
533 1840 720 1882 ἐπέεσσιν
746 1842 992 1893 ἐρητύσασκε
1015 1841 1232 1893 παραστάς·

202 1908 227 1922 “
244 1905 420 1956 δαιμόνι’,
447 1907 490 1946 οὔ
516 1923 562 1947 σε
589 1908 689 1948 ἔοικε
714 1908 834 1948 κακὸν
859 1908 910 1950 ὣς
934 1909 1218 1954 δειδίσσεσθαι,

200 1971 291 2011 ἀλλ’
316 1971 430 2014 αὐτός
454 1989 495 2012 τε
522 1973 670 2023 κάθησο
697 1976 758 2016 καὶ
783 1974 930 2017 ἄλλους
954 1976 1057 2027 ἵδρυε
1080 1975 1214 2016 λαούς·

200 2037 244 2078 οὗ
269 2038 343 2090 γάρ
367 2056 426 2079 πω
453 2038 565 2091 σάφα
589 2040 692 2080 οἶσθ’
717 2042 798 2083 οἶος
821 2042 911 2083 νόος
935 2040 1176 2093 Ἀτρεΐωνος·

200 2107 267 2145 νῦν
291 2106 363 2155 μὲν
387 2107 577 2156 πειρᾶται,
604 2107 707 2160 τάχα
731 2107 763 2147 δ’
787 2109 925 2160 ἴψεται
948 2109 1034 2149 υἷας
1057 2107 1246 2161 Ἀχαιῶν.

201 2172 243 2211 ἐν
267 2175 397 2227 βουλῇ
422 2170 454 2211 δ’
480 2172 523 2211 οὐ
547 2172 690 2216 πάντες
716 2174 940 2225 ἀκούσαμεν
964 2175 1048 2214 οἷον
1072 2174 1197 2221 ἔειπε;

1462 253 1522 293 165

1462 589 1523 621 170

1464 923 1523 955 175

1464 1248 1523 1278 180

1463 1579 1522 1618 185

1461 1920 1522 1951 190

247 2261 308 2292 168
332 2272 396 2294 om.
416 2260 562 2310 d0p³A
574 2264 600 2294 B
615 2264 680 2296 CT
692 2265 733 2297 al.
854 2277 915 2306 179
938 2269 1020 2300 κατὰ
1037 2266 1096 2299 Ar,
1116 2266 1182 2298 hA
1194 2265 1238 2297 U¹
1250 2266 1290 2298 al.
1308 2277 1315 2297 :
1339 2268 1420 2307 μετὰ
1436 2267 1526 2307 vulg.

306 2306 380 2345 μηδ’
401 2304 447 2338 ἔτ’
465 2308 564 2347 ἐρώει]
582 2312 836 2349 χαλκοχιτώνων
896 2309 909 2327 ²³
927 2320 969 2342 m.
985 2321 1018 2351 p.
1213 2311 1274 2341 180
1297 2311 1325 2342 δ’
1342 2320 1407 2341 om.
1425 2310 1466 2351 B,
1485 2312 1525 2343 cf.

203 2349 262 2388 164
400 2349 460 2388 185
483 2360 547 2398 qm.
566 2350 627 2397 13³⁷
773 2354 829 2392 187
859 2353 935 2394 εβη]
955 2356 1014 2391 βὰς
1031 2353 1112 2385 Zen.
1260 2363 1319 2393 192
1343 2354 1527 2396 Ἀτρείωνος

198 2392 374 2432 Aristoph.
394 2392 451 2423 Ar.
472 2393 570 2424 Dmn.
590 2394 658 2426 Sid.
686 2395 780 2427 Dcm.
805 2396 910 2436 ixion,
930 2396 1005 2428 Vi¹2
1031 2397 1194 2439 Ἀτρείδαο
1210 2393 1266 2445 12³³,
1285 2397 1382 2429 codd.
1400 2403 1462 2430 cet.

204 2445 347 2475 193—197
373 2436 440 2467 ath.
457 2436 514 2468 Ar.
536 2438 613 2477 (om.
638 2438 724 2469 Xen.
744 2448 841 2473 mem.
862 2440 880 2470 i.
902 2450 931 2471 2.
952 2441 1012 2481 56)
