1670 2828
665 171 700 204 4.
774 164 1037 201 ΙΛΙΑΔΟΣ
1087 166 1122 200 Δ

225 268 310 319 ἤτοι
336 267 525 318 Ἀθηναίη
553 267 679 308 ἀκέων
703 265 750 317 ἧν
775 266 862 307 οὐδέ
887 283 924 306 τι
949 266 1045 312 εἶπε,

225 333 440 385 σκυζομένη
471 335 538 374 Διὶ
563 335 692 384 πατρί,
719 334 842 386 χόλος
869 332 911 373 δέ
934 349 1001 383 μιν
1027 331 1159 384 ἄγριος
1182 330 1278 388 ᾕρει·

216 399 326 456 “Ήρῃ
353 400 384 440 δ’
413 400 480 440 οὐκ
508 400 625 453 ἔχαδε
653 401 798 449 στῆθος
824 399 962 452 χόλον,
991 399 1098 439 ἀλλὰ
1122 397 1338 450 προσηύδα·

226 470 251 485 “
268 467 446 507 αἰνότατε
473 467 655 518 Κρονίδη,
685 468 799 506 ποῖον
825 465 893 505 τὸν
918 468 1039 516 μῦθον
1065 465 1204 506 ἔειπες·

223 537 305 575 πῶς
330 532 479 574 ἐθέλεις
505 532 618 572 ἅλιον
646 534 771 572 θεῖναι
797 531 920 572 πόνον
947 531 1006 582 ἠδ’
1033 531 1262 577 ἀτέλεστον,

225 602 315 651 ἱδρῶ
341 598 374 639 θ’
400 598 444 639 ὃν
470 600 620 650 ἵδρωσα
644 599 768 653 μόγῳ,
799 597 970 649 καμέτην
997 597 1039 638 δέ
1063 615 1129 649 μοι
1154 598 1266 638 ἵπποι

223 666 321 706 λαὸν
347 665 571 721 ἀγειρούσῃ,
601 664 766 719 Πριάμῳ
796 666 894 705 κακὰ
919 665 1003 705 τοῖό
1027 681 1069 705 τε
1094 664 1247 705 παισίν.

225 732 314 784 ἕρδ’·
353 732 448 783 ἀτὰρ
473 732 517 772 οὔ
542 748 599 772 τοι
625 731 769 773 πάντες
797 729 1033 782 ἐπαινέομεν
1060 732 1141 771 θεοὶ
1167 729 1322 771 ἄλλοι.”

289 798 374 848 Την
399 800 439 839 δὲ
463 815 540 879 μεγ
576 797 756 851 ὀχθησας
783 797 968 849 προσέφη
997 795 1292 850 νεφεληγερέτα
1318 796 1428 838 Ζεύς·

228 867 287 883 ΚίΝ

270 866 460 915 δαιμονίη,
488 865 528 904 τί
549 864 595 905 νύ
620 881 667 905 σε
694 866 874 917 Πρίαμος
902 863 1100 915 Πριάμοιό
1123 880 1167 904 τε
1191 865 1327 905 παῖδες

224 932 355 971 τόσσα
382 948 478 971 κακα
501 930 695 982 ῥέζουσιν,
723 931 745 970 ὅ
768 930 801 970 τ’
829 931 1031 984 ἀσπερχὲς
1057 929 1276 981 μενεαίνεις

225 997 345 1038 Ἰλίου
372 995 616 1048 ἐξαλαπάξαι
643 998 866 1048 ἐϋκτίμενον
895 998 1147 1049 πτολίεθρον,·

226 1065 258 1105 εἰ
284 1066 325 1105 δὲ
352 1064 402 1104 σύ
426 1063 462 1116 γ’
491 1065 729 1104 εἰσελθοῦσα
754 1064 880 1106 πύλας
909 1064 970 1104 καὶ
996 1063 1131 1116 τείχεα
1155 1063 1284 1115 μακρὰ

226 1130 330 1182 ὠμὸν
355 1131 580 1183 βεβρώθοις
607 1132 788 1182 Πρίαμον
816 1129 1015 1182 Πριάμοιό
1039 1147 1081 1170 τε
1109 1132 1251 1171 παῖδας

226 1197 373 1239 ἄλλους
397 1215 440 1238 τε
463 1200 612 1249 Τρῶας,
641 1198 729 1238 τότε
754 1214 819 1237 κεν
845 1197 969 1250 χόλον
999 1196 1224 1247 ἐξακέσαιο.

227 1263 340 1316 ἕρξον
365 1264 470 1306 ὅπως
495 1263 656 1306 ἐθέλεις·
694 1263 746 1314 μὴ
772 1265 883 1304 τοῦτό
909 1281 954 1315 γε
981 1266 1106 1305 νεῖκος
1134 1263 1292 1303 ὀπίσσω

228 1331 292 1371 σοὶ
318 1332 379 1371 καὶ
405 1332 491 1381 ἐμοὶ
514 1329 600 1382 μέγ’
626 1330 768 1382 ἔρισμα
792 1330 874 1381 μετ’
903 1329 1166 1382 ἀμφοτέροισι
1195 1328 1369 1381 γένηται.

226 1397 328 1438 ἄλλο
353 1397 393 1438 δέ
416 1414 477 1438 τοι
502 1396 609 1449 ἐρέω,
633 1397 682 1438 σὺ
709 1396 740 1437 δ’
768 1397 825 1437 ἐνὶ
852 1396 973 1449 φρεσὶ
1001 1396 1156 1447 βάλλεο
1185 1401 1318 1452 σῇσιν·

227 1465 376 1505 ὁππότε
402 1480 466 1504 κεν
493 1464 553 1504 καὶ
579 1464 657 1515 ἐγὼ
681 1464 838 1514 μεμαὼς
863 1464 979 1504 πόλιν
1009 1461 1253 1514 ἐξαλαπάξαι

226 1531 296 1581 τὴν
323 1529 445 1571 ἐθέλω
472 1531 534 1570 ὅθι
557 1546 617 1570 τοι
643 1531 755 1582 φίλοι
781 1529 915 1582 ἀνέρες
942 1529 1172 1582 ἐγγεγάασι,

226 1596 279 1648 μή
304 1615 341 1638 τι
366 1597 583 1649 διατρίβειν
606 1596 674 1637 τὸν
699 1596 793 1647 ἐμὸν
818 1597 955 1650 χόλον,
985 1596 1091 1637 ἀλλά
1113 1596 1152 1648 μ’
1181 1597 1309 1637 ἐᾶσαι·

230 1681 291 1704 και
317 1665 390 1715 γὰρ
416 1664 492 1715 ἐγὼ
518 1664 583 1704 σοὶ
609 1666 713 1703 δῶκα
738 1664 836 1704 ἑκὼν
862 1663 1022 1704 ἀέκοντί
1045 1681 1090 1715 γε
1116 1665 1234 1718 θυμῷ·

229 1731 267 1770 αἳ
292 1731 368 1782 γὰρ
391 1729 455 1770 ὑπ’
480 1729 598 1784 ἠελίῳ
625 1747 667 1770 τε
693 1730 755 1770 καὶ
780 1730 930 1784 οὐρανῷ
957 1730 1185 1782 ἀστερόεντι

229 1796 452 1838 ναιετάουσι
478 1797 625 1846 πόληες
650 1797 886 1849 ἐπιχθονίων
912 1797 1139 1848 ἀνθρώπων,

229 1863 332 1904 τάων
357 1880 422 1914 μοι
446 1863 532 1914 περὶ
558 1865 644 1914 κῆρι
668 1863 847 1904 τιέσκετο
868 1862 993 1905 Ἴλιος
1020 1863 1079 1915 ἱρὴ

231 1931 294 1970 καὶ
319 1930 497 1981 Πρίαμος
524 1931 586 1970 καὶ
610 1929 706 1971 λαὸς
735 1931 928 1980 ἐϋμμελίω
956 1929 1162 1981 Πριάμοιο.

231 1997 275 2036 οὐ
299 1995 373 2048 γάρ
397 1997 468 2046 μοί
488 2013 582 2036 ποτε
605 1996 741 2047 βωμὸς
767 1996 920 2037 ἐδεύετο
945 1996 1075 2037 δαιτὸς
1103 1996 1227 2046 ἐϊσης,

231 2065 375 2114 λοιβης
400 2080 440 2103 τε
467 2063 602 2113 κνίσης
626 2080 682 2103 τε·
719 2063 763 2103 τὸ
790 2081 864 2115 γαρ
889 2062 1066 2116 λάχομεν
1092 2061 1209 2114 γέρας
1233 2060 1382 2113 ἡμεῖς.”

297 2128 379 2169 Τὸν
403 2128 435 2168 δ’
461 2129 639 2179 ἠμείβετ’
666 2129 800 2171 ἔπειτα
827 2133 978 2181 βοῶπις
1003 2130 1144 2170 πότνια
1162 2126 1284 2180 “·Ι-Ιρη

235 2195 359 2246 ((ἤτοι
385 2197 470 2245 ἐμοὶ
495 2200 598 2247 τρεῖς
621 2199 694 2247 μὲν
721 2199 823 2239 πολὺ
851 2197 1043 2250 φίλταταί
1066 2197 1143 2236 εἶσι
1168 2195 1329 2245 πόληες,

226 2261 374 2314 ’Ἄργός
398 2279 439 2302 τε
466 2262 622 2314 Σπάρτη
649 2281 691 2305 τε
717 2265 779 2305 καὶ
804 2264 1009 2316 εὐρυάγυια
1035 2261 1213 2312 Μυκήνη·

232 2330 300 2370 τὰς
326 2328 545 2381 διαπέρσαι,
573 2331 630 2371 ὅτ’
657 2331 704 2372 ἄν
730 2348 789 2372 τοι
815 2330 1066 2384 ἀπέχθωνται
1091 2329 1179 2380 περὶ
1205 2330 1303 2379 κῆρι·

270 2432 311 2460 24
335 2422 395 2464 ἥρη
411 2422 506 2454 codd.
528 2428 662 2462 praeter
678 2423 709 2454 A
728 2434 784 2464 ss,
806 2423 850 2455 ΟΒ
863 2423 909 2455 U'3
1013 2424 1132 2464 κέχαδε
1152 2422 1190 2454 L4
1202 2423 1249 2454 Pa
1264 2422 1309 2454 U3
1322 2421 1362 2453 V¹
1373 2422 1420 2505 V7'1
1430 2421 1486 2452 V¹¹
1497 2419 1556 2452 V¹⁹

227 2465 267 2496 al.
285 2464 378 2496 Eust.
471 2476 511 2504 27
535 2467 620 2499 ἵππω
637 2478 688 2499 ac
699 2477 724 2506 g·
739 2467 779 2499 al.
872 2477 913 2506 43
938 2467 1011 2499 δῶκ’
1026 2466 1128 2499 ἀέκων
1143 2467 1214 2506 Try
1216 2467 1284 2506 pho

226 2509 257 2540 A
270 2508 317 2540 Pe
327 2507 467 2549 V¹⁴V²⁰,
486 2509 525 2541 εἰ.
548 2515 568 2542 Ζ
585 2520 649 2549 449
782 2511 824 2550 48
848 2510 970 2552 βωμὸς]
991 2511 1084 2551 θυμὸς
1101 2510 1154 2542 cit.
1177 2510 1269 2542 Eust.

1517 477 1556 508 25

1518 809 1559 840 30

1439 2479 1491 2506 -μ
1495 2466 1553 2506 λίφ

1519 994 1670 1503 „

1636 2488 1670 2828 1
