1660 2802
683 647 937 697 ΙΛΙΑΔΟΣ
1007 652 1044 693 Ε

598 824 870 889 Διομήδους
906 826 1130 891 ἀριστεία

193 954 305 995 ’Ένθ’
332 954 378 995 αὖ
402 953 568 1011 Τυδεΐδῃ
597 947 788 1006 Διομήδεϊ
816 957 987 998 Παλλὰς
1013 954 1159 1006 Ἀθήνη

199 1025 297 1062 δῶκε
320 1020 435 1072 μένος
462 1020 523 1062 καὶ
550 1020 709 1073 θάρσος,
741 1022 789 1063 ἵν’
816 1022 981 1073 ἔκδηλος
1005 1024 1103 1074 μετὰ
1127 1025 1251 1064 πᾶσιν

199 1088 416 1140 Ἀργείοισι
442 1086 595 1140 γένοιτο
622 1089 677 1129 ἰδὲ
707 1088 820 1131 κλέος
848 1088 996 1130 ἐσθλὸν
1023 1089 1168 1142 ἄροιτο·

199 1154 282 1195 δαῖέ
307 1156 343 1194 οἱ
368 1155 409 1194 ἐκ
436 1154 595 1205 κόρυθός
621 1172 663 1195 τε
692 1155 752 1195 καὶ
778 1156 946 1198 ἀσπίδος
972 1155 1171 1206 ἀκάματον
1195 1161 1281 1210 πῦρ,

199 1220 331 1272 ἀστέρ’
357 1221 533 1275 ὀπωρινῷ
560 1222 800 1273 ἐναλίγκιον,
827 1223 871 1264 ὅς
895 1239 937 1262 τε
961 1222 1140 1273 μάλιστα

198 1287 380 1340 λαμπρὸν
405 1289 660 1344 παμφαίνῃσι
686 1288 928 1339 λελουμένος
953 1288 1175 1330 Ὠκεανοῖο·

198 1355 306 1395 τοῖόν
331 1356 366 1395 οἱ
391 1357 466 1405 πῦρ
490 1356 597 1394 δαῖεν
624 1355 701 1395 ἀπὸ
728 1357 870 1407 κρατός
895 1373 936 1396 τε
962 1356 1024 1396 καὶ
1049 1357 1175 1406 ὤμων,

198 1418 302 1472 ὦρσε
328 1420 370 1461 δέ
393 1437 460 1471 μιν
487 1422 583 1460 κατὰ
608 1421 777 1471 μέσσον,
808 1423 870 1462 ὅθι
895 1425 1077 1463 πλεῖστοι
1105 1422 1326 1464 κλονέοντο.

257 1486 340 1528 φΗν
366 1486 408 1528 δέ
431 1504 490 1529 τις
519 1488 559 1527 ἐν
585 1488 774 1539 Τρώεσσι
806 1487 952 1539 Δάρης,
982 1488 1144 1541 ἀφνειὸς
1169 1490 1342 1541 ἀμύμων,

198 1553 299 1606 ἱρεὺς
324 1553 582 1605 Ἡφαίστοιο·
624 1555 699 1594 δύω
728 1554 770 1595 δέ
795 1557 829 1595 οἱ
855 1554 954 1604 υἱέες
978 1554 1117 1605 ἤστην,

198 1620 352 1673 Φηγεὺς
377 1619 517 1662 Ἰδαῖός
544 1637 597 1667 τε,
626 1620 756 1674 μάχης
783 1621 823 1662 εὖ
849 1622 972 1662 εἰδότε
996 1621 1138 1671 πάσης.

197 1687 249 1727 τώ
276 1689 311 1727 οἱ
337 1686 614 1739 ἀποκρινθέντε
642 1689 807 1728 ἐναντίω
836 1687 1078 1741 ὡρμηθήτην·

197 1755 250 1794 τὼ
275 1755 346 1804 μὲν
372 1753 441 1805 ἀφ’
466 1754 630 1800 ἵπποιιν,
663 1755 682 1793 ὁ
709 1754 740 1794 δ’
771 1755 849 1795 ἀπὸ
873 1754 1017 1808 χθονὸς
1043 1755 1190 1807 ὤρνυτο
1214 1755 1341 1806 πεζός.

197 1821 232 1861 οἱ
258 1819 290 1860 δ’
316 1821 382 1860 ὅτε
406 1820 452 1870 δὴ
478 1820 624 1873 σχεδὸν
654 1819 757 1870 ἦσαν
788 1820 847 1862 ἐπ’
873 1820 1113 1872 ἀλλήλοισιν
1139 1822 1275 1868 ἰόντες,

198 1887 354 1939 Φηγεύς
377 1887 426 1937 ῥα
452 1887 639 1938 πρότερος
669 1887 796 1939 προΐει
822 1890 1079 1941 δολιχόσκιον
1104 1888 1236 1941 ἔγχος·

196 1953 388 1994 Τυδεΐδεω
415 1953 446 1993 δ’
472 1954 568 2005 ὑπὲρ
594 1951 698 2005 ὦμον
729 1954 938 2008 ἀριστερὸν
962 1954 1074 2006 ἤλυθ’
1100 1955 1230 2005 ἀκωκὴ

196 2020 349 2072 ἔγχεος,
377 2019 456 2060 οὐδ’
483 2020 602 2070 ἔβαλ’
629 2022 758 2062 αὐτόν·
802 2023 822 2061 ὁ
847 2021 880 2062 δ’
905 2023 1069 2074 ὕστερος
1094 2022 1240 2073 ὤρνυτο
1264 2027 1401 2078 χαλκῷ

195 2086 395 2136 Τυδεΐδης·
434 2089 501 2125 τοῦ
526 2086 557 2125 δ’
592 2090 663 2144 οὐχ
689 2090 802 2132 ἅλιον
827 2089 951 2141 βέλος
977 2090 1124 2141 ἔκφυγε
1148 2089 1293 2141 χειρός,

196 2152 287 2192 ἀλλ’
312 2153 439 2204 ἔβαλε
470 2157 616 2205 στῆθος
641 2158 891 2209 μεταμάζιον,
919 2155 999 2197 ὦσε
1024 2156 1056 2196 δ’
1082 2155 1152 2208 ἀφ’
1177 2157 1319 2197 ἵππων.

195 2219 337 2262 Ἰδαῖος
363 2220 395 2261 δ’
424 2222 623 2275 ἀπόρουσε
649 2226 778 2266 λιπὼν
802 2225 1045 2278 περικαλλέα
1069 2224 1221 2276 δίφρον,

195 2286 273 2326 οὐδ’
299 2287 393 2339 ἔτλη
423 2294 634 2343 περιβῆναι
662 2294 877 2346 ἀδελφειοῦ
901 2292 1120 2344 κταμένοιο·

1490 1571 1528 1592 10

1488 1905 1524 1935 Ῐ5

1484 2238 1523 2258 20

237 2395 256 2422 4
281 2386 347 2416 δαῖε
365 2383 401 2416 δέ
416 2385 444 2415 οἱ
458 2383 503 2431 ᾨῙ
515 2387 568 2423 cf,
585 2394 614 2415 v.
630 2384 651 2416 l,
669 2395 721 2425 ap.
743 2385 836 2418 Eust.
974 2396 1013 2415 21
1040 2389 1213 2428 περιμεῖναι
1232 2386 1281 2417 Μ9
1293 2387 1339 2420 Ο5
1352 2387 1391 2419 Ρ1
1405 2389 1458 2420 Ρ11
1472 2390 1518 2421 U⁹

195 2428 253 2467 (g1.
273 2430 414 2468 exspecta
418 2429 462 2469 re)
482 2427 536 2458 Vi¹
