<?xml version="1.0" encoding="UTF-8"?>
<!DOCTYPE html PUBLIC "-//W3C//DTD XHTML 1.0 Transitional//EN"
    "http://www.w3.org/TR/xhtml1/DTD/xhtml1-transitional.dtd">
<html xmlns="http://www.w3.org/1999/xhtml" xml:lang="en" lang="en">
 <head>
  <title>
</title>
<meta http-equiv="Content-Type" content="text/html;charset=utf-8" />
  <meta name='ocr-system' content='tesseract 3.04.00' />
  <meta name='ocr-capabilities' content='ocr_page ocr_carea ocr_par ocr_line ocrx_word'/>
</head>
<body>
  <div class='ocr_page' id='page_1' title='image "./operarecognoveru01homeuoft_0083.png"; bbox 0 0 1629 2828; ppageno 0'>
   <div class='ocr_carea' id='block_1_1' title="bbox 524 130 1003 170">
    <p class='ocr_par' dir='ltr' id='par_1_1' title="bbox 524 130 1003 170">
     <span class='ocr_line' id='line_1_1' title="bbox 524 130 1003 170; baseline 0 -1"><span class='ocrx_word' id='word_1_1' title='bbox 524 137 558 170; x_wconf 83' lang='lat'>2.</span> <span class='ocrx_word' id='word_1_2' title='bbox 634 130 890 168; x_wconf 69' lang='grc' dir='ltr'>ΙᾹΙΑΔΟΣ</span> <span class='ocrx_word' id='word_1_3' title='bbox 939 131 1003 169; x_wconf 74' lang='grc' dir='ltr'>Β,</span> 
     </span>
    </p>
   </div>
   <div class='ocr_carea' id='block_1_2' title="bbox 84 232 1253 2209">
    <p class='ocr_par' dir='ltr' id='par_1_2' title="bbox 84 232 1253 2209">
     <span class='ocr_line' id='line_1_2' title="bbox 86 232 1077 288; baseline -0.006 -12"><span class='ocrx_word' id='word_1_4' title='bbox 86 240 162 276; x_wconf 86' lang='grc' dir='ltr'>τῶν</span> <span class='ocrx_word' id='word_1_5' title='bbox 186 233 272 288; x_wconf 83' lang='grc' dir='ltr'>ἦρχ’</span> <span class='ocrx_word' id='word_1_6' title='bbox 299 233 502 285; x_wconf 83' lang='grc' dir='ltr'>Ἀγκαίοιο</span> <span class='ocrx_word' id='word_1_7' title='bbox 528 232 631 279; x_wconf 82' lang='grc' dir='ltr'><em>πάϊς,</em></span> <span class='ocrx_word' id='word_1_8' title='bbox 668 234 805 285; x_wconf 89' lang='grc' dir='ltr'>κρείων</span> <span class='ocrx_word' id='word_1_9' title='bbox 830 232 1077 284; x_wconf 85' lang='grc' dir='ltr'>Ἀγαπήνωρ,</span> 
     </span>
     <span class='ocr_line' id='line_1_3' title="bbox 87 298 982 355; baseline -0.006 -12"><span class='ocrx_word' id='word_1_10' title='bbox 87 300 272 352; x_wconf 83' lang='grc' dir='ltr'>ἑξήκοντα</span> <span class='ocrx_word' id='word_1_11' title='bbox 298 303 409 340; x_wconf 81' lang='grc' dir='ltr'>νεῶν·</span> <span class='ocrx_word' id='word_1_12' title='bbox 450 298 593 341; x_wconf 82' lang='grc' dir='ltr'>πολέες</span> <span class='ocrx_word' id='word_1_13' title='bbox 619 299 650 339; x_wconf 80' lang='grc' dir='ltr'>δ’</span> <span class='ocrx_word' id='word_1_14' title='bbox 681 301 723 340; x_wconf 86' lang='grc' dir='ltr'>ἐν</span> <span class='ocrx_word' id='word_1_15' title='bbox 749 299 813 349; x_wconf 71' lang='grc' dir='ltr'>νηῒ</span> <span class='ocrx_word' id='word_1_16' title='bbox 835 299 982 355; x_wconf 82' lang='grc' dir='ltr'>ἑκάστῃ</span> 
     </span>
     <span class='ocr_line' id='line_1_4' title="bbox 86 365 1188 420; baseline -0.002 -12"><span class='ocrx_word' id='word_1_17' title='bbox 86 366 269 420; x_wconf 83' lang='grc' dir='ltr'>Ἀρκάδες</span> <span class='ocrx_word' id='word_1_18' title='bbox 295 365 430 417; x_wconf 80' lang='grc' dir='ltr'>ἄνδρες</span> <span class='ocrx_word' id='word_1_19' title='bbox 462 366 641 417; x_wconf 81' lang='grc' dir='ltr'>ἔβαινον,</span> <span class='ocrx_word' id='word_1_20' title='bbox 671 365 927 417; x_wconf 87' lang='grc' dir='ltr'>ἐπιστάμενοι</span> <span class='ocrx_word' id='word_1_21' title='bbox 952 366 1188 416; x_wconf 78' lang='grc' dir='ltr'>πολεμίζειν.</span> 
     </span>
     <span class='ocr_line' id='line_1_5' title="bbox 87 431 1163 485; baseline -0.003 -10"><span class='ocrx_word' id='word_1_22' title='bbox 87 432 198 475; x_wconf 83' lang='grc' dir='ltr'>αὐτὸς</span> <span class='ocrx_word' id='word_1_23' title='bbox 223 431 296 485; x_wconf 88' lang='grc' dir='ltr'>γάρ</span> <span class='ocrx_word' id='word_1_24' title='bbox 324 437 424 484; x_wconf 88' lang='grc' dir='ltr'>σφιν</span> <span class='ocrx_word' id='word_1_25' title='bbox 455 435 576 472; x_wconf 84' lang='grc' dir='ltr'>δῶκεν</span> <span class='ocrx_word' id='word_1_26' title='bbox 606 431 708 483; x_wconf 83' lang='grc' dir='ltr'>ἄναξ</span> <span class='ocrx_word' id='word_1_27' title='bbox 731 433 879 484; x_wconf 83' lang='grc' dir='ltr'>ἀνδρῶν</span> <span class='ocrx_word' id='word_1_28' title='bbox 904 431 1163 484; x_wconf 85' lang='grc' dir='ltr'>Ἀγαμέμνων</span> 
     </span>
     <span class='ocr_line' id='line_1_6' title="bbox 86 498 1055 551; baseline -0.002 -10"><span class='ocrx_word' id='word_1_29' title='bbox 86 503 178 551; x_wconf 88' lang='grc' dir='ltr'>νῆας</span> <span class='ocrx_word' id='word_1_30' title='bbox 203 498 451 550; x_wconf 80' lang='grc' dir='ltr'>ἐϋσσέλμους</span> <span class='ocrx_word' id='word_1_31' title='bbox 482 498 632 551; x_wconf 83' lang='grc' dir='ltr'>περάαν</span> <span class='ocrx_word' id='word_1_32' title='bbox 660 499 722 539; x_wconf 83' lang='grc' dir='ltr'>ἐπὶ</span> <span class='ocrx_word' id='word_1_33' title='bbox 748 500 887 539; x_wconf 81' lang='grc' dir='ltr'>οἴνοπα</span> <span class='ocrx_word' id='word_1_34' title='bbox 912 499 1055 539; x_wconf 82' lang='grc' dir='ltr'>πόντον</span> 
     </span>
     <span class='ocr_line' id='line_1_7' title="bbox 86 564 1150 617; baseline -0.001 -11"><span class='ocrx_word' id='word_1_35' title='bbox 86 565 296 617; x_wconf 81' lang='grc' dir='ltr'>Ἀτρεΐδης,</span> <span class='ocrx_word' id='word_1_36' title='bbox 329 566 412 606; x_wconf 85' lang='grc' dir='ltr'>ἐπεὶ</span> <span class='ocrx_word' id='word_1_37' title='bbox 443 565 486 605; x_wconf 78' lang='grc' dir='ltr'>οὔ</span> <span class='ocrx_word' id='word_1_38' title='bbox 516 570 593 617; x_wconf 87' lang='grc' dir='ltr'>σφι</span> <span class='ocrx_word' id='word_1_39' title='bbox 623 565 828 605; x_wconf 84' lang='grc' dir='ltr'>θαλάσσια</span> <span class='ocrx_word' id='word_1_40' title='bbox 853 566 948 617; x_wconf 81' lang='grc' dir='ltr'>ἔργα</span> <span class='ocrx_word' id='word_1_41' title='bbox 972 564 1150 616; x_wconf 85' lang='grc' dir='ltr'>μεμήλει.</span> 
     </span>
     <span class='ocr_line' id='line_1_8' title="bbox 151 631 1253 683; baseline -0.001 -11"><span class='ocrx_word' id='word_1_42' title='bbox 151 632 201 672; x_wconf 77' lang='grc' dir='ltr'>Οἳ</span> <span class='ocrx_word' id='word_1_43' title='bbox 227 631 257 672; x_wconf 84' lang='grc' dir='ltr'>δ’</span> <span class='ocrx_word' id='word_1_44' title='bbox 287 631 361 683; x_wconf 82' lang='grc' dir='ltr'>ἄρα</span> <span class='ocrx_word' id='word_1_45' title='bbox 388 631 646 683; x_wconf 83' lang='grc' dir='ltr'>Βουπράσιόν</span> <span class='ocrx_word' id='word_1_46' title='bbox 673 648 714 672; x_wconf 89' lang='grc' dir='ltr'>τε</span> <span class='ocrx_word' id='word_1_47' title='bbox 741 632 802 671; x_wconf 87' lang='grc' dir='ltr'>καὶ</span> <span class='ocrx_word' id='word_1_48' title='bbox 822 631 975 672; x_wconf 79' lang='grc' dir='ltr'>”Ηλιδα</span> <span class='ocrx_word' id='word_1_49' title='bbox 999 635 1084 672; x_wconf 85' lang='grc' dir='ltr'>δῖαν</span> <span class='ocrx_word' id='word_1_50' title='bbox 1110 632 1253 679; x_wconf 80' lang='grc' dir='ltr'>ἔναιον,</span> 
     </span>
     <span class='ocr_line' id='line_1_9' title="bbox 85 697 1087 751; baseline 0 -13"><span class='ocrx_word' id='word_1_51' title='bbox 85 699 209 739; x_wconf 85' lang='grc' dir='ltr'>ὅσσον</span> <span class='ocrx_word' id='word_1_52' title='bbox 236 697 301 750; x_wconf 80' lang='grc' dir='ltr'>ἔφ’</span> <span class='ocrx_word' id='word_1_53' title='bbox 326 697 491 749; x_wconf 80' lang='grc' dir='ltr'>Ὕρμίνη</span> <span class='ocrx_word' id='word_1_54' title='bbox 527 699 589 738; x_wconf 83' lang='grc' dir='ltr'>καὶ</span> <span class='ocrx_word' id='word_1_55' title='bbox 616 699 822 751; x_wconf 79' lang='grc' dir='ltr'>Μύρσινος</span> <span class='ocrx_word' id='word_1_56' title='bbox 848 699 1087 751; x_wconf 79' lang='grc' dir='ltr'>ἐσχατόωσα</span> 
     </span>
     <span class='ocr_line' id='line_1_10' title="bbox 86 763 1070 817; baseline -0.002 -11"><span class='ocrx_word' id='word_1_57' title='bbox 86 764 202 817; x_wconf 85' lang='grc' dir='ltr'>πέτρη</span> <span class='ocrx_word' id='word_1_58' title='bbox 229 764 263 804; x_wconf 88' lang='grc' dir='ltr'>τ’</span> <span class='ocrx_word' id='word_1_59' title='bbox 288 764 455 814; x_wconf 86' lang='grc' dir='ltr'>Ὠλενίη</span> <span class='ocrx_word' id='word_1_60' title='bbox 490 766 551 805; x_wconf 84' lang='grc' dir='ltr'>καὶ</span> <span class='ocrx_word' id='word_1_61' title='bbox 578 763 772 814; x_wconf 83' lang='grc' dir='ltr'>Ἀλήσιον</span> <span class='ocrx_word' id='word_1_62' title='bbox 798 765 907 806; x_wconf 85' lang='grc' dir='ltr'>ἐντὸς</span> <span class='ocrx_word' id='word_1_63' title='bbox 932 764 1070 817; x_wconf 82' lang='grc' dir='ltr'>ἐέργει,</span> 
     </span>
     <span class='ocr_line' id='line_1_11' title="bbox 84 830 1233 885; baseline -0.001 -14"><span class='ocrx_word' id='word_1_64' title='bbox 84 835 160 871; x_wconf 87' lang='grc' dir='ltr'>τῶν</span> <span class='ocrx_word' id='word_1_65' title='bbox 185 831 231 870; x_wconf 75' lang='grc' dir='ltr'>αὖ</span> <span class='ocrx_word' id='word_1_66' title='bbox 259 830 455 882; x_wconf 87' lang='grc' dir='ltr'>τέσσαρες</span> <span class='ocrx_word' id='word_1_67' title='bbox 487 831 603 884; x_wconf 81' lang='grc' dir='ltr'>ἀρχοὶ</span> <span class='ocrx_word' id='word_1_68' title='bbox 631 831 742 877; x_wconf 85' lang='grc' dir='ltr'>ἕσαν,</span> <span class='ocrx_word' id='word_1_69' title='bbox 772 830 863 871; x_wconf 85' lang='grc' dir='ltr'>δέκα</span> <span class='ocrx_word' id='word_1_70' title='bbox 889 830 922 871; x_wconf 85' lang='grc' dir='ltr'>δ’</span> <span class='ocrx_word' id='word_1_71' title='bbox 948 831 1057 883; x_wconf 83' lang='grc' dir='ltr'>ἀνδρὶ</span> <span class='ocrx_word' id='word_1_72' title='bbox 1083 830 1233 885; x_wconf 75' lang='grc' dir='ltr'>ἑκάστῳ</span> 
     </span>
     <span class='ocr_line' id='line_1_12' title="bbox 86 897 1111 948; baseline -0.002 -9"><span class='ocrx_word' id='word_1_73' title='bbox 86 900 174 947; x_wconf 87' lang='grc' dir='ltr'>νῆες</span> <span class='ocrx_word' id='word_1_74' title='bbox 200 897 340 937; x_wconf 82' lang='grc' dir='ltr'>ἕποντο</span> <span class='ocrx_word' id='word_1_75' title='bbox 371 898 468 942; x_wconf 89' lang='grc' dir='ltr'>θοαί,</span> <span class='ocrx_word' id='word_1_76' title='bbox 502 897 644 939; x_wconf 79' lang='grc' dir='ltr'>πολέες</span> <span class='ocrx_word' id='word_1_77' title='bbox 671 897 704 937; x_wconf 86' lang='grc' dir='ltr'>δ’</span> <span class='ocrx_word' id='word_1_78' title='bbox 731 899 920 948; x_wconf 78' lang='grc' dir='ltr'>ἔμβαινον</span> <span class='ocrx_word' id='word_1_79' title='bbox 946 897 1111 938; x_wconf 90' lang='grc' dir='ltr'>Ἐπειοί.</span> 
     </span>
     <span class='ocr_line' id='line_1_13' title="bbox 85 962 1209 1016; baseline 0.001 -13"><span class='ocrx_word' id='word_1_80' title='bbox 85 967 161 1004; x_wconf 85' lang='grc' dir='ltr'>τῶν</span> <span class='ocrx_word' id='word_1_81' title='bbox 186 965 256 1013; x_wconf 85' lang='grc' dir='ltr'>μὲν</span> <span class='ocrx_word' id='word_1_82' title='bbox 282 963 342 1015; x_wconf 81' lang='grc' dir='ltr'>ἄρ’</span> <span class='ocrx_word' id='word_1_83' title='bbox 373 962 633 1016; x_wconf 87' lang='grc' dir='ltr'>Ἀμφίμαχος</span> <span class='ocrx_word' id='word_1_84' title='bbox 664 964 725 1003; x_wconf 84' lang='grc' dir='ltr'>καὶ</span> <span class='ocrx_word' id='word_1_85' title='bbox 754 963 938 1006; x_wconf 82' lang='grc' dir='ltr'>Θάλπιος</span> <span class='ocrx_word' id='word_1_86' title='bbox 964 963 1209 1015; x_wconf 78' lang='grc' dir='ltr'>ἡγησάσθην,</span> 
     </span>
     <span class='ocr_line' id='line_1_14' title="bbox 87 1029 1203 1081; baseline 0.002 -12"><span class='ocrx_word' id='word_1_87' title='bbox 87 1031 165 1071; x_wconf 78' lang='grc' dir='ltr'>υἷες</span> <span class='ocrx_word' id='word_1_88' title='bbox 191 1030 211 1069; x_wconf 82' lang='grc' dir='ltr'>ὁ</span> <span class='ocrx_word' id='word_1_89' title='bbox 236 1031 308 1079; x_wconf 81' lang='grc' dir='ltr'>μὲν</span> <span class='ocrx_word' id='word_1_90' title='bbox 336 1030 524 1075; x_wconf 86' lang='grc' dir='ltr'>Κτεάτου,</span> <span class='ocrx_word' id='word_1_91' title='bbox 557 1031 577 1069; x_wconf 88' lang='grc' dir='ltr'>ὁ</span> <span class='ocrx_word' id='word_1_92' title='bbox 603 1030 635 1069; x_wconf 83' lang='grc' dir='ltr'>δ’</span> <span class='ocrx_word' id='word_1_93' title='bbox 663 1029 722 1081; x_wconf 79' lang='grc' dir='ltr'>ἄρ’</span> <span class='ocrx_word' id='word_1_94' title='bbox 748 1031 930 1081; x_wconf 81' lang='grc' dir='ltr'>Εὐρύτου,</span> <span class='ocrx_word' id='word_1_95' title='bbox 959 1029 1203 1081; x_wconf 84' lang='grc' dir='ltr'>Ἀκτορίωνε·</span> 
     </span>
     <span class='ocr_line' id='line_1_15' title="bbox 87 1095 1084 1149; baseline 0.003 -14"><span class='ocrx_word' id='word_1_96' title='bbox 87 1099 160 1136; x_wconf 85' lang='grc' dir='ltr'>τῶν</span> <span class='ocrx_word' id='word_1_97' title='bbox 187 1095 220 1136; x_wconf 85' lang='grc' dir='ltr'>δ’</span> <span class='ocrx_word' id='word_1_98' title='bbox 247 1095 558 1148; x_wconf 79' lang='grc' dir='ltr'>Ἀμαρυγκεΐδης</span> <span class='ocrx_word' id='word_1_99' title='bbox 586 1095 681 1149; x_wconf 80' lang='grc' dir='ltr'>ἦρχε</span> <span class='ocrx_word' id='word_1_100' title='bbox 710 1096 891 1147; x_wconf 81' lang='grc' dir='ltr'>κρατερὸς</span> <span class='ocrx_word' id='word_1_101' title='bbox 917 1097 1084 1148; x_wconf 85' lang='grc' dir='ltr'>Διώρης·</span> 
     </span>
     <span class='ocr_line' id='line_1_16' title="bbox 86 1161 1064 1215; baseline 0.003 -14"><span class='ocrx_word' id='word_1_102' title='bbox 86 1166 161 1202; x_wconf 83' lang='grc' dir='ltr'>τῶν</span> <span class='ocrx_word' id='word_1_103' title='bbox 186 1164 227 1202; x_wconf 79' lang='grc' dir='ltr'>δὲ</span> <span class='ocrx_word' id='word_1_104' title='bbox 254 1162 449 1214; x_wconf 84' lang='grc' dir='ltr'>τετάρτων</span> <span class='ocrx_word' id='word_1_105' title='bbox 481 1161 579 1215; x_wconf 82' lang='grc' dir='ltr'>ἦρχε</span> <span class='ocrx_word' id='word_1_106' title='bbox 608 1161 853 1212; x_wconf 77' lang='grc' dir='ltr'>Πολύξεινος</span> <span class='ocrx_word' id='word_1_107' title='bbox 880 1162 1064 1212; x_wconf 81' lang='grc' dir='ltr'>θεοειδής,</span> 
     </span>
     <span class='ocr_line' id='line_1_17' title="bbox 85 1227 913 1280; baseline -0.001 -11"><span class='ocrx_word' id='word_1_108' title='bbox 85 1228 164 1270; x_wconf 82' lang='grc' dir='ltr'>υἱὸς</span> <span class='ocrx_word' id='word_1_109' title='bbox 188 1227 454 1280; x_wconf 79' lang='grc' dir='ltr'>Ἀγασθένεος</span> <span class='ocrx_word' id='word_1_110' title='bbox 483 1228 710 1280; x_wconf 79' lang='grc' dir='ltr'>Αὐγηϊάδαο</span> <span class='ocrx_word' id='word_1_111' title='bbox 737 1229 913 1270; x_wconf 84' lang='grc' dir='ltr'>ἄνακτος.</span> 
     </span>
     <span class='ocr_line' id='line_1_18' title="bbox 151 1294 1046 1347; baseline 0 -13"><span class='ocrx_word' id='word_1_112' title='bbox 151 1295 201 1334; x_wconf 78' lang='grc' dir='ltr'>Οἳ</span> <span class='ocrx_word' id='word_1_113' title='bbox 227 1294 259 1334; x_wconf 88' lang='grc' dir='ltr'>δ’</span> <span class='ocrx_word' id='word_1_114' title='bbox 285 1296 327 1335; x_wconf 89' lang='grc' dir='ltr'>ἐκ</span> <span class='ocrx_word' id='word_1_115' title='bbox 356 1296 590 1347; x_wconf 80' lang='grc' dir='ltr'>Δουλιχίοιο</span> <span class='ocrx_word' id='word_1_116' title='bbox 621 1294 819 1347; x_wconf 78' lang='grc' dir='ltr'>Ἐχινάων</span> <span class='ocrx_word' id='word_1_117' title='bbox 846 1294 879 1334; x_wconf 85' lang='grc' dir='ltr'>θ’</span> <span class='ocrx_word' id='word_1_118' title='bbox 907 1295 1046 1346; x_wconf 83' lang='grc' dir='ltr'>ἱεράων</span> 
     </span>
     <span class='ocr_line' id='line_1_19' title="bbox 85 1360 1073 1412; baseline 0 -11"><span class='ocrx_word' id='word_1_119' title='bbox 85 1360 228 1411; x_wconf 87' lang='grc' dir='ltr'>νήσων,</span> <span class='ocrx_word' id='word_1_120' title='bbox 256 1361 294 1401; x_wconf 77' lang='grc' dir='ltr'>αἳ</span> <span class='ocrx_word' id='word_1_121' title='bbox 320 1362 473 1401; x_wconf 88' lang='grc' dir='ltr'>ναίουσι</span> <span class='ocrx_word' id='word_1_122' title='bbox 501 1361 623 1412; x_wconf 89' lang='grc' dir='ltr'>πέρην</span> <span class='ocrx_word' id='word_1_123' title='bbox 653 1361 749 1403; x_wconf 84' lang='grc' dir='ltr'>ἁλὸς</span> <span class='ocrx_word' id='word_1_124' title='bbox 769 1360 939 1402; x_wconf 78' lang='grc' dir='ltr'>”Ηλιδος</span> <span class='ocrx_word' id='word_1_125' title='bbox 964 1361 1073 1407; x_wconf 84' lang='grc' dir='ltr'>ἄντα,</span> 
     </span>
     <span class='ocr_line' id='line_1_20' title="bbox 84 1426 1058 1479; baseline -0.001 -12"><span class='ocrx_word' id='word_1_126' title='bbox 84 1431 161 1467; x_wconf 84' lang='grc' dir='ltr'>τῶν</span> <span class='ocrx_word' id='word_1_127' title='bbox 186 1426 269 1467; x_wconf 71' lang='grc' dir='ltr'>αὖθ’</span> <span class='ocrx_word' id='word_1_128' title='bbox 295 1427 509 1479; x_wconf 87' lang='grc' dir='ltr'>ἡγεμόνευε</span> <span class='ocrx_word' id='word_1_129' title='bbox 538 1427 678 1479; x_wconf 78' lang='grc' dir='ltr'>Μέγης</span> <span class='ocrx_word' id='word_1_130' title='bbox 702 1427 921 1469; x_wconf 81' lang='grc' dir='ltr'>ἀτάλαντος</span> <span class='ocrx_word' id='word_1_131' title='bbox 940 1427 1058 1479; x_wconf 78' lang='grc' dir='ltr'>’Ἀρηϊ</span> 
     </span>
     <span class='ocr_line' id='line_1_21' title="bbox 85 1493 1107 1546; baseline 0.003 -13"><span class='ocrx_word' id='word_1_132' title='bbox 85 1493 291 1543; x_wconf 78' lang='grc' dir='ltr'>Φυλεΐδης,</span> <span class='ocrx_word' id='word_1_133' title='bbox 319 1493 363 1534; x_wconf 85' lang='grc' dir='ltr'>ὃν</span> <span class='ocrx_word' id='word_1_134' title='bbox 389 1495 493 1535; x_wconf 89' lang='grc' dir='ltr'>τίκτε</span> <span class='ocrx_word' id='word_1_135' title='bbox 525 1494 594 1534; x_wconf 86' lang='grc' dir='ltr'>Δι’ὶ·</span> <span class='ocrx_word' id='word_1_136' title='bbox 621 1495 740 1546; x_wconf 86' lang='grc' dir='ltr'>φίλος</span> <span class='ocrx_word' id='word_1_137' title='bbox 771 1495 916 1534; x_wconf 85' lang='grc' dir='ltr'>ἱππότα</span> <span class='ocrx_word' id='word_1_138' title='bbox 942 1495 1107 1540; x_wconf 81' lang='grc' dir='ltr'>Φυλεύς,</span> 
     </span>
     <span class='ocr_line' id='line_1_22' title="bbox 84 1559 1192 1613; baseline 0.003 -15"><span class='ocrx_word' id='word_1_139' title='bbox 84 1560 126 1602; x_wconf 84' lang='grc' dir='ltr'>ὅς</span> <span class='ocrx_word' id='word_1_140' title='bbox 151 1577 246 1600; x_wconf 90' lang='grc' dir='ltr'>ποτε</span> <span class='ocrx_word' id='word_1_141' title='bbox 273 1559 527 1612; x_wconf 81' lang='grc' dir='ltr'>Δουλίχιόνδ’</span> <span class='ocrx_word' id='word_1_142' title='bbox 555 1560 817 1600; x_wconf 82' lang='grc' dir='ltr'>ἀπενάσσατο</span> <span class='ocrx_word' id='word_1_143' title='bbox 845 1560 962 1611; x_wconf 86' lang='grc' dir='ltr'>πατρὶ</span> <span class='ocrx_word' id='word_1_144' title='bbox 986 1561 1192 1613; x_wconf 89' lang='grc' dir='ltr'>χολωθείς·</span> 
     </span>
     <span class='ocr_line' id='line_1_23' title="bbox 85 1625 1133 1680; baseline 0.001 -15"><span class='ocrx_word' id='word_1_145' title='bbox 85 1629 136 1680; x_wconf 80' lang='grc' dir='ltr'>τῷ</span> <span class='ocrx_word' id='word_1_146' title='bbox 164 1625 196 1666; x_wconf 84' lang='grc' dir='ltr'>δ’</span> <span class='ocrx_word' id='word_1_147' title='bbox 224 1625 303 1676; x_wconf 79' lang='grc' dir='ltr'>ἅμα</span> <span class='ocrx_word' id='word_1_148' title='bbox 328 1626 629 1679; x_wconf 87' lang='grc' dir='ltr'>τεσσαράκοντα</span> <span class='ocrx_word' id='word_1_149' title='bbox 656 1626 840 1677; x_wconf 90' lang='grc' dir='ltr'>μέλαιναι</span> <span class='ocrx_word' id='word_1_150' title='bbox 867 1629 955 1677; x_wconf 85' lang='grc' dir='ltr'>νῆες</span> <span class='ocrx_word' id='word_1_151' title='bbox 980 1627 1133 1667; x_wconf 81' lang='grc' dir='ltr'>ἕποντο.</span> 
     </span>
     <span class='ocr_line' id='line_1_24' title="bbox 153 1691 1205 1745; baseline 0.004 -14"><span class='ocrx_word' id='word_1_152' title='bbox 153 1692 282 1744; x_wconf 79' lang='grc' dir='ltr'>Αὐτὰρ</span> <span class='ocrx_word' id='word_1_153' title='bbox 307 1691 527 1735; x_wconf 79' lang='grc' dir='ltr'>Ὀδυσσεὺς</span> <span class='ocrx_word' id='word_1_154' title='bbox 553 1692 625 1744; x_wconf 81' lang='grc' dir='ltr'>ἦγε</span> <span class='ocrx_word' id='word_1_155' title='bbox 655 1695 925 1745; x_wconf 86' lang='grc' dir='ltr'>Κεφαλλῆνας</span> <span class='ocrx_word' id='word_1_156' title='bbox 949 1694 1205 1745; x_wconf 82' lang='grc' dir='ltr'>μεγαθύμους,</span> 
     </span>
     <span class='ocr_line' id='line_1_25' title="bbox 86 1758 1118 1813; baseline 0.001 -15"><span class='ocrx_word' id='word_1_157' title='bbox 86 1760 125 1798; x_wconf 84' lang='grc' dir='ltr'>οἵ</span> <span class='ocrx_word' id='word_1_158' title='bbox 144 1758 183 1810; x_wconf 85' lang='grc' dir='ltr'>ῥ’</span> <span class='ocrx_word' id='word_1_159' title='bbox 209 1758 365 1809; x_wconf 86' lang='grc' dir='ltr'>Ἰθάκην</span> <span class='ocrx_word' id='word_1_160' title='bbox 391 1759 500 1813; x_wconf 79' lang='grc' dir='ltr'>εἶχον</span> <span class='ocrx_word' id='word_1_161' title='bbox 527 1759 588 1799; x_wconf 82' lang='grc' dir='ltr'>καὶ</span> <span class='ocrx_word' id='word_1_162' title='bbox 618 1758 793 1812; x_wconf 80' lang='grc' dir='ltr'>Νήριτον</span> <span class='ocrx_word' id='word_1_163' title='bbox 820 1760 1118 1812; x_wconf 85' lang='grc' dir='ltr'>εἰνοσίφυλλον,</span> 
     </span>
     <span class='ocr_line' id='line_1_26' title="bbox 86 1825 1129 1879; baseline 0.002 -15"><span class='ocrx_word' id='word_1_164' title='bbox 86 1825 149 1865; x_wconf 84' lang='grc' dir='ltr'>καὶ</span> <span class='ocrx_word' id='word_1_165' title='bbox 174 1825 380 1877; x_wconf 84' lang='grc' dir='ltr'>Κροκύλει’</span> <span class='ocrx_word' id='word_1_166' title='bbox 408 1825 594 1876; x_wconf 83' lang='grc' dir='ltr'>ἐνέμοντο</span> <span class='ocrx_word' id='word_1_167' title='bbox 622 1826 683 1866; x_wconf 86' lang='grc' dir='ltr'>καὶ</span> <span class='ocrx_word' id='word_1_168' title='bbox 712 1826 905 1878; x_wconf 85' lang='grc' dir='ltr'>Αἰγίλιπα</span> <span class='ocrx_word' id='word_1_169' title='bbox 930 1830 1129 1879; x_wconf 81' lang='grc' dir='ltr'>τρηχεῖαν,</span> 
     </span>
     <span class='ocr_line' id='line_1_27' title="bbox 86 1891 1150 1945; baseline 0.002 -14"><span class='ocrx_word' id='word_1_170' title='bbox 86 1892 126 1932; x_wconf 87' lang='grc' dir='ltr'>οἵ</span> <span class='ocrx_word' id='word_1_171' title='bbox 145 1908 187 1932; x_wconf 89' lang='grc' dir='ltr'>τε</span> <span class='ocrx_word' id='word_1_172' title='bbox 212 1891 413 1933; x_wconf 88' lang='grc' dir='ltr'>Ζάκυνθον</span> <span class='ocrx_word' id='word_1_173' title='bbox 439 1892 531 1945; x_wconf 82' lang='grc' dir='ltr'>ἔχον</span> <span class='ocrx_word' id='word_1_174' title='bbox 555 1892 614 1942; x_wconf 78' lang='grc' dir='ltr'>ἠδ’</span> <span class='ocrx_word' id='word_1_175' title='bbox 640 1892 676 1932; x_wconf 79' lang='grc' dir='ltr'>οἳ</span> <span class='ocrx_word' id='word_1_176' title='bbox 705 1892 837 1943; x_wconf 87' lang='grc' dir='ltr'>Σάμον</span> <span class='ocrx_word' id='word_1_177' title='bbox 863 1892 1150 1944; x_wconf 82' lang='grc' dir='ltr'>ἀμφενέμοντο,</span> 
     </span>
     <span class='ocr_line' id='line_1_28' title="bbox 87 1957 1037 2011; baseline 0.002 -14"><span class='ocrx_word' id='word_1_178' title='bbox 87 1958 126 1997; x_wconf 85' lang='grc' dir='ltr'>οἵ</span> <span class='ocrx_word' id='word_1_179' title='bbox 146 1957 178 1996; x_wconf 92' lang='grc' dir='ltr'>τ’</span> <span class='ocrx_word' id='word_1_180' title='bbox 202 1957 363 2010; x_wconf 87' lang='grc' dir='ltr'>ἤπειρον</span> <span class='ocrx_word' id='word_1_181' title='bbox 389 1959 482 2011; x_wconf 87' lang='grc' dir='ltr'>ἔχον</span> <span class='ocrx_word' id='word_1_182' title='bbox 509 1958 567 2009; x_wconf 82' lang='grc' dir='ltr'>ἠδ’</span> <span class='ocrx_word' id='word_1_183' title='bbox 594 1958 811 2011; x_wconf 82' lang='grc' dir='ltr'>ἀντιπέραι’</span> <span class='ocrx_word' id='word_1_184' title='bbox 838 1958 1037 2009; x_wconf 89' lang='grc' dir='ltr'>ἐνέμοντο·</span> 
     </span>
     <span class='ocr_line' id='line_1_29' title="bbox 87 2024 1115 2078; baseline 0.004 -15"><span class='ocrx_word' id='word_1_185' title='bbox 87 2027 162 2063; x_wconf 86' lang='grc' dir='ltr'>τῶν</span> <span class='ocrx_word' id='word_1_186' title='bbox 185 2026 256 2074; x_wconf 80' lang='grc' dir='ltr'>μὲν</span> <span class='ocrx_word' id='word_1_187' title='bbox 282 2024 504 2067; x_wconf 85' lang='grc' dir='ltr'>Ὀδυσσεὺς</span> <span class='ocrx_word' id='word_1_188' title='bbox 530 2024 627 2078; x_wconf 82' lang='grc' dir='ltr'>ἦρχε</span> <span class='ocrx_word' id='word_1_189' title='bbox 654 2026 720 2065; x_wconf 89' lang='grc' dir='ltr'>Διὶ</span> <span class='ocrx_word' id='word_1_190' title='bbox 745 2027 860 2076; x_wconf 88' lang='grc' dir='ltr'>μῆτιν</span> <span class='ocrx_word' id='word_1_191' title='bbox 886 2024 1115 2068; x_wconf 85' lang='grc' dir='ltr'>ἀτάλαντος·</span> 
     </span>
     <span class='ocr_line' id='line_1_30' title="bbox 87 2089 1074 2148; baseline 0.002 -19"><span class='ocrx_word' id='word_1_192' title='bbox 87 2093 137 2143; x_wconf 82' lang='grc' dir='ltr'>τῷ</span> <span class='ocrx_word' id='word_1_193' title='bbox 163 2089 196 2129; x_wconf 91' lang='grc' dir='ltr'>δ’</span> <span class='ocrx_word' id='word_1_194' title='bbox 221 2089 301 2141; x_wconf 80' lang='grc' dir='ltr'>ἅμα</span> <span class='ocrx_word' id='word_1_195' title='bbox 325 2093 413 2141; x_wconf 87' lang='grc' dir='ltr'>νῆες</span> <span class='ocrx_word' id='word_1_196' title='bbox 438 2092 580 2131; x_wconf 83' lang='grc' dir='ltr'>ἕποντο</span> <span class='ocrx_word' id='word_1_197' title='bbox 606 2092 776 2131; x_wconf 86' lang='grc' dir='ltr'>δυώδεκα</span> <span class='ocrx_word' id='word_1_198' title='bbox 799 2091 1074 2148; x_wconf 84' lang='grc' dir='ltr'>μιλτοπάρῃοι.</span> 
     </span>
     <span class='ocr_line' id='line_1_31' title="bbox 154 2157 1116 2209; baseline 0.004 -14"><span class='ocrx_word' id='word_1_199' title='bbox 154 2157 340 2196; x_wconf 84' lang='grc' dir='ltr'>Αἰτωλῶν</span> <span class='ocrx_word' id='word_1_200' title='bbox 366 2157 398 2196; x_wconf 88' lang='grc' dir='ltr'>δ’</span> <span class='ocrx_word' id='word_1_201' title='bbox 423 2157 556 2208; x_wconf 80' lang='grc' dir='ltr'>ἡγεῖτο</span> <span class='ocrx_word' id='word_1_202' title='bbox 583 2158 694 2199; x_wconf 88' lang='grc' dir='ltr'>Θόας</span> <span class='ocrx_word' id='word_1_203' title='bbox 719 2157 998 2209; x_wconf 84' lang='grc' dir='ltr'>Ἀνδραίμονος</span> <span class='ocrx_word' id='word_1_204' title='bbox 1023 2159 1116 2203; x_wconf 83' lang='grc' dir='ltr'>υἱός,</span> 
     </span>
    </p>
   </div>
   <div class='ocr_carea' id='block_1_3' title="bbox 1353 306 1417 336">
    <p class='ocr_par' dir='ltr' id='par_1_3' title="bbox 1353 306 1417 336">
     <span class='ocr_line' id='line_1_32' title="bbox 1353 306 1417 336; baseline 0.016 -1"><span class='ocrx_word' id='word_1_205' title='bbox 1353 306 1417 336; x_wconf 90' lang='lat'>610</span> 
     </span>
    </p>
   </div>
   <div class='ocr_carea' id='block_1_4' title="bbox 1356 638 1418 678">
    <p class='ocr_par' dir='ltr' id='par_1_4' title="bbox 1356 638 1418 678">
     <span class='ocr_line' id='line_1_33' title="bbox 1356 638 1418 678; baseline 0.016 -11"><span class='ocrx_word' id='word_1_206' title='bbox 1356 638 1418 678; x_wconf 84' lang='lat'>615</span> 
     </span>
    </p>
   </div>
   <div class='ocr_carea' id='block_1_5' title="bbox 1354 969 1418 1000">
    <p class='ocr_par' dir='ltr' id='par_1_5' title="bbox 1354 969 1418 1000">
     <span class='ocr_line' id='line_1_34' title="bbox 1354 969 1418 1000; baseline 0.016 -1"><span class='ocrx_word' id='word_1_207' title='bbox 1354 969 1418 1000; x_wconf 89' lang='lat'>620</span> 
     </span>
    </p>
   </div>
   <div class='ocr_carea' id='block_1_6' title="bbox 89 2247 1407 2332">
    <p class='ocr_par' dir='ltr' id='par_1_6' title="bbox 89 2247 1407 2332">
     <span class='ocr_line' id='line_1_35' title="bbox 130 2247 1403 2287; baseline 0 -10"><span class='ocrx_word' id='word_1_208' title='bbox 130 2248 194 2287; x_wconf 87' lang='lat'>609</span> <span class='ocrx_word' id='word_1_209' title='bbox 211 2257 278 2278; x_wconf 76' lang='lat' dir='ltr'>VSS.</span> <span class='ocrx_word' id='word_1_210' title='bbox 290 2247 331 2278; x_wconf 84' lang='lat' dir='ltr'>de</span> <span class='ocrx_word' id='word_1_211' title='bbox 346 2247 503 2277; x_wconf 81' lang='lat' dir='ltr'>Stentore</span> <span class='ocrx_word' id='word_1_212' title='bbox 516 2248 687 2278; x_wconf 79' lang='lat' dir='ltr'>exstitisse</span> <span class='ocrx_word' id='word_1_213' title='bbox 706 2248 807 2278; x_wconf 79' lang='lat' dir='ltr'><strong>refert</strong></span> <span class='ocrx_word' id='word_1_214' title='bbox 824 2248 926 2278; x_wconf 77' lang='lat' dir='ltr'>schol.</span> <span class='ocrx_word' id='word_1_215' title='bbox 940 2248 970 2277; x_wconf 88' lang='lat' dir='ltr'><strong>A</strong></span> <span class='ocrx_word' id='word_1_216' title='bbox 984 2254 1004 2280; x_wconf 84' lang='grc' dir='ltr'>Ε</span> <span class='ocrx_word' id='word_1_217' title='bbox 1020 2249 1081 2287; x_wconf 85' lang='lat'>785</span> <span class='ocrx_word' id='word_1_218' title='bbox 1170 2249 1319 2287; x_wconf 50' lang='lat'>612614</span> <span class='ocrx_word' id='word_1_219' title='bbox 1338 2248 1403 2279; x_wconf 85' lang='lat' dir='ltr'>ath.</span> 
     </span>
     <span class='ocr_line' id='line_1_36' title="bbox 89 2289 1407 2332; baseline 0.002 -12"><span class='ocrx_word' id='word_1_220' title='bbox 89 2289 167 2321; x_wconf 87' lang='lat' dir='ltr'>Zen.</span> <span class='ocrx_word' id='word_1_221' title='bbox 253 2290 317 2319; x_wconf 90' lang='lat'>616</span> <span class='ocrx_word' id='word_1_222' title='bbox 341 2292 392 2331; x_wconf 85' lang='grc' dir='ltr'>ὑφ’</span> <span class='ocrx_word' id='word_1_223' title='bbox 411 2290 437 2320; x_wconf 92' lang='grc' dir='ltr'>Β</span> <span class='ocrx_word' id='word_1_224' title='bbox 450 2290 476 2321; x_wconf 91' lang='lat' dir='ltr'>C</span> <span class='ocrx_word' id='word_1_225' title='bbox 489 2289 535 2321; x_wconf 73' lang='grc' dir='ltr'>Ο2</span> <span class='ocrx_word' id='word_1_226' title='bbox 549 2289 595 2321; x_wconf 77' lang='lat'>0⁷</span> <span class='ocrx_word' id='word_1_227' title='bbox 609 2290 654 2321; x_wconf 77' lang='lat' dir='ltr'>U³</span> <span class='ocrx_word' id='word_1_228' title='bbox 668 2291 708 2321; x_wconf 86' lang='lat' dir='ltr'>al.</span> <span class='ocrx_word' id='word_1_229' title='bbox 779 2292 905 2332; x_wconf 76' lang='grc' dir='ltr'>’Ύρμίνῃ</span> <span class='ocrx_word' id='word_1_230' title='bbox 922 2290 1004 2322; x_wconf 83' lang='lat' dir='ltr'>Zen.</span> <span class='ocrx_word' id='word_1_231' title='bbox 1020 2291 1046 2321; x_wconf 93' lang='lat' dir='ltr'>B</span> <span class='ocrx_word' id='word_1_232' title='bbox 1061 2292 1086 2322; x_wconf 92' lang='lat' dir='ltr'>C</span> <span class='ocrx_word' id='word_1_233' title='bbox 1100 2291 1148 2321; x_wconf 69' lang='lat' dir='ltr'>M⁹</span> <span class='ocrx_word' id='word_1_234' title='bbox 1231 2294 1293 2331; x_wconf 84' lang='lat'>617</span> <span class='ocrx_word' id='word_1_235' title='bbox 1312 2292 1407 2328; x_wconf 76' lang='grc' dir='ltr'>Ἀλή-</span> 
     </span>
    </p>
   </div>
   <div class='ocr_carea' id='block_1_7' title="bbox 90 2332 1094 2372">
    <p class='ocr_par' dir='ltr' id='par_1_7' title="bbox 90 2332 1094 2372">
     <span class='ocr_line' id='line_1_37' title="bbox 90 2332 1094 2372; baseline 0 -8"><span class='ocrx_word' id='word_1_236' title='bbox 90 2346 157 2365; x_wconf 81' lang='grc' dir='ltr'>σιον</span> <span class='ocrx_word' id='word_1_237' title='bbox 175 2333 292 2372; x_wconf 82' lang='lat' dir='ltr'><strong>Steph.</strong></span> <span class='ocrx_word' id='word_1_238' title='bbox 313 2333 394 2372; x_wconf 70' lang='lat' dir='ltr'>Byz.</span> <span class='ocrx_word' id='word_1_239' title='bbox 411 2332 452 2364; x_wconf 87' lang='lat' dir='ltr'>U&#39;</span> <span class='ocrx_word' id='word_1_240' title='bbox 470 2343 514 2364; x_wconf 76' lang='lat' dir='ltr'>ss.</span> <span class='ocrx_word' id='word_1_241' title='bbox 529 2345 534 2364; x_wconf 73' lang='grc' dir='ltr'>ς</span> <span class='ocrx_word' id='word_1_242' title='bbox 561 2335 703 2366; x_wconf 82' lang='grc' dir='ltr'>Ἀλίσιον</span> <span class='ocrx_word' id='word_1_243' title='bbox 715 2334 773 2365; x_wconf 80' lang='lat' dir='ltr'>Ar.</span> <span class='ocrx_word' id='word_1_244' title='bbox 791 2346 796 2365; x_wconf 89' lang='lat'>:</span> <span class='ocrx_word' id='word_1_245' title='bbox 823 2335 982 2366; x_wconf 81' lang='grc' dir='ltr'>Ἀλείσιον</span> <span class='ocrx_word' id='word_1_246' title='bbox 999 2335 1094 2365; x_wconf 88' lang='lat' dir='ltr'>codd.</span> 
     </span>
    </p>
   </div>
   <div class='ocr_carea' id='block_1_8' title="bbox 1265 2337 1407 2366">
    <p class='ocr_par' dir='ltr' id='par_1_8' title="bbox 1265 2337 1407 2366">
     <span class='ocr_line' id='line_1_38' title="bbox 1265 2337 1407 2366; baseline 0 0"><span class='ocrx_word' id='word_1_247' title='bbox 1265 2337 1323 2366; x_wconf 79' lang='lat'>621</span> <span class='ocrx_word' id='word_1_248' title='bbox 1352 2338 1367 2366; x_wconf 83' lang='grc' dir='ltr'>ό</span> <span class='ocrx_word' id='word_1_249' title='bbox 1382 2337 1407 2366; x_wconf 84' lang='grc' dir='ltr'>δ’</span> 
     </span>
    </p>
   </div>
   <div class='ocr_carea' id='block_1_9' title="bbox 88 2376 1407 2503">
    <p class='ocr_par' dir='ltr' id='par_1_9' title="bbox 88 2376 1407 2503">
     <span class='ocr_line' id='line_1_39' title="bbox 89 2376 1407 2419; baseline 0.001 -11"><span class='ocrx_word' id='word_1_250' title='bbox 89 2377 133 2417; x_wconf 81' lang='grc' dir='ltr'>ἄρ’</span> <span class='ocrx_word' id='word_1_251' title='bbox 148 2380 196 2407; x_wconf 82' lang='lat' dir='ltr'>hi</span> <span class='ocrx_word' id='word_1_252' title='bbox 209 2381 277 2407; x_wconf 81' lang='lat' dir='ltr'>km</span> <span class='ocrx_word' id='word_1_253' title='bbox 289 2376 319 2406; x_wconf 88' lang='lat' dir='ltr'><strong>A</strong></span> <span class='ocrx_word' id='word_1_254' title='bbox 332 2377 387 2408; x_wconf 72' lang='lat' dir='ltr'>aL:</span> <span class='ocrx_word' id='word_1_255' title='bbox 407 2380 422 2408; x_wconf 87' lang='grc' dir='ltr'>ὁ</span> <span class='ocrx_word' id='word_1_256' title='bbox 436 2377 462 2408; x_wconf 87' lang='grc' dir='ltr'>δ’</span> <span class='ocrx_word' id='word_1_257' title='bbox 477 2378 562 2416; x_wconf 75' lang='lat' dir='ltr'>vulg.</span> <span class='ocrx_word' id='word_1_258' title='bbox 628 2378 813 2418; x_wconf 83' lang='grc' dir='ltr'>Ἀκτορίωνε</span> <span class='ocrx_word' id='word_1_259' title='bbox 828 2377 919 2408; x_wconf 76' lang='lat' dir='ltr'>Ar.A</span> <span class='ocrx_word' id='word_1_260' title='bbox 934 2377 972 2407; x_wconf 82' lang='lat' dir='ltr'>L⁴</span> <span class='ocrx_word' id='word_1_261' title='bbox 987 2378 1056 2407; x_wconf 55' lang='grc' dir='ltr'>Μοῖ</span> <span class='ocrx_word' id='word_1_262' title='bbox 1071 2378 1109 2407; x_wconf 70' lang='lat'>1³⁴</span> <span class='ocrx_word' id='word_1_263' title='bbox 1123 2378 1162 2408; x_wconf 61' lang='lat'>1³⁶³</span> <span class='ocrx_word' id='word_1_264' title='bbox 1178 2391 1182 2409; x_wconf 89' lang='lat'>:</span> <span class='ocrx_word' id='word_1_265' title='bbox 1202 2379 1407 2419; x_wconf 78' lang='grc' dir='ltr'>Ἀκτορίωνος</span> 
     </span>
     <span class='ocr_line' id='line_1_40' title="bbox 88 2419 1405 2495; baseline 0.002 -45"><span class='ocrx_word' id='word_1_266' title='bbox 88 2419 173 2458; x_wconf 69' lang='lat' dir='ltr'><strong>vulg.</strong></span> <span class='ocrx_word' id='word_1_267' title='bbox 265 2422 328 2450; x_wconf 79' lang='lat'>622</span> <span class='ocrx_word' id='word_1_268' title='bbox 347 2419 522 2495; x_wconf 70' lang='lat' dir='ltr'>]v,u.wv6p¹¹&#39;</span> <span class='ocrx_word' id='word_1_269' title='bbox 617 2422 681 2451; x_wconf 80' lang='lat'>626</span> <span class='ocrx_word' id='word_1_270' title='bbox 705 2423 733 2452; x_wconf 78' lang='grc' dir='ltr'>οἳ</span> <span class='ocrx_word' id='word_1_271' title='bbox 745 2421 824 2452; x_wconf 80' lang='lat' dir='ltr'>Zeu.</span> <span class='ocrx_word' id='word_1_272' title='bbox 928 2423 986 2460; x_wconf 83' lang='lat'>631</span> <span class='ocrx_word' id='word_1_273' title='bbox 1017 2429 1199 2462; x_wconf 84' lang='grc' dir='ltr'>κεφαλανας</span> <span class='ocrx_word' id='word_1_274' title='bbox 1210 2427 1405 2464; x_wconf 72' lang='grc' dir='ltr'>μεγάθυμον)</span> 
     </span>
     <span class='ocr_line' id='line_1_41' title="bbox 475 2474 494 2503; baseline 0 0"><span class='ocrx_word' id='word_1_275' title='bbox 475 2474 494 2503; x_wconf 89' lang='grc'>3</span> 
     </span>
    </p>
   </div>
   <div class='ocr_carea' id='block_1_10' title="bbox 92 2462 746 2503">
    <p class='ocr_par' dir='ltr' id='par_1_10' title="bbox 92 2462 746 2503">
     <span class='ocr_line' id='line_1_42' title="bbox 92 2462 746 2503; baseline 0.003 -11"><span class='ocrx_word' id='word_1_276' title='bbox 92 2462 114 2493; x_wconf 94' lang='lat' dir='ltr'>I.</span> <span class='ocrx_word' id='word_1_277' title='bbox 130 2464 168 2494; x_wconf 72' lang='grc' dir='ltr'>(ι’.</span> <span class='ocrx_word' id='word_1_278' title='bbox 187 2463 230 2494; x_wconf 89' lang='lat' dir='ltr'><strong>iii.</strong></span> <span class='ocrx_word' id='word_1_279' title='bbox 255 2473 279 2493; x_wconf 90' lang='lat'>1.</span> <span class='ocrx_word' id='word_1_280' title='bbox 300 2465 364 2503; x_wconf 78' lang='lat'>649</span> <span class='ocrx_word' id='word_1_281' title='bbox 498 2474 515 2502; x_wconf 83' lang='lat'>4</span> <span class='ocrx_word' id='word_1_282' title='bbox 542 2463 650 2503; x_wconf 81' lang='grc' dir='ltr'>Σάμην</span> <span class='ocrx_word' id='word_1_283' title='bbox 668 2464 746 2495; x_wconf 82' lang='lat' dir='ltr'>ch.</span> 
     </span>
    </p>
   </div>
  </div>
 </body>
</html>
