1670 2828
630 157 664 191 2.
739 150 997 187 ΙΛῙΑΔΟΣ
1046 151 1076 188 Β

192 259 389 297 ναίεσκον·
428 257 505 294 τῶν
528 256 600 304 μὲν
626 254 805 305 Πρόθοος
830 252 921 295 θοὸς
945 252 1171 304 ἡγεμόνευε,

192 325 244 375 τῷ
271 320 302 360 δ’
330 320 409 371 ἅμα
433 319 731 372 τεσσαράκοντα
756 318 940 369 μέλαιναι
966 320 1055 368 νῆες
1080 319 1233 359 ἕποντο.

258 386 380 426 Οὗτοι
405 386 464 437 ἄρ’
489 386 680 437 ἡγεμόνες
706 388 874 425 Δαναῶν
901 385 962 424 καὶ
988 386 1160 436 κοίρανοι
1183 384 1300 435 ἦσαν’

192 454 249 494 τίς
273 452 306 492 τ’
331 452 378 503 ἂρ
402 456 480 492 τῶν
506 451 568 504 ὄχ’
594 451 755 503 ἄριστος
780 451 861 501 ἔην,
889 450 942 490 σύ
963 467 1030 501 μοι
1054 451 1204 497 ἔννεπε,
1232 454 1390 498 Μοῦσα,

193 520 319 559 αὐτῶν
343 518 401 568 ἠδ’
427 519 567 564 ἵππων,
596 517 631 557 οἳ
657 516 720 567 ἅμ’
746 516 994 572 Ἀτρεΐδῃσιν
1020 517 1174 557 ἕποντο.

253 583 390 625 Ἵπποι
413 586 485 634 μὲν
509 583 597 635 μέγ’
623 583 782 635 ἄρισται
808 583 906 623 ἔσαν
932 582 1197 635 Φηρητιάδαο,

192 652 261 692 τέις
286 651 470 701 Εὔμηλος
496 650 637 691 ἔλαυνε
661 649 860 691 ποδώκεας
885 651 1042 701 ὄρνιθας
1067 649 1131 695 ὥς,

194 718 353 770 ὄτριχας
377 716 537 762 οἰέτεας,
566 716 753 772 σταφύλῃ
779 717 842 756 ἐπὶ
867 718 992 755 νῶτον
1016 714 1140 756 ἐΐσας·

193 785 261 824 τὰς
286 784 327 822 ἐν
353 784 503 838 Πηρείῃ
531 782 647 834 θρέψ’
672 781 931 834 ἀργυρότοξος
955 781 1180 827 Ἀπόλλων,

194 848 310 901 ἄμφω
338 850 509 898 θηλείας,
537 849 671 900 φόβον
690 847 836 900 ”Αρηος
862 847 1098 900 φορεούσας.

194 916 343 966 ἀνδρῶν
368 914 414 954 αὖ
439 914 526 966 μέγ’
552 914 711 966 ἄριστος
737 914 805 964 ἔην
829 913 1085 964 Τελαμώνιος
1111 914 1221 959 Αἴας,

194 981 284 1033 ὄφρ’
311 980 497 1033 Ἀχιλεὺς
521 979 671 1031 μήνιεν·
710 981 729 1019 ὁ
755 981 830 1032 γὰρ
854 980 956 1021 πολὺ
982 979 1176 1032 φέρτατος
1200 977 1281 1030 ἦεν,

194 1048 306 1088 ἵπποι
334 1047 382 1093 θ’,
410 1047 445 1087 οἳ
471 1046 693 1099 φορέεσκον
719 1047 896 1097 ἀμύμονα
920 1045 1147 1096 Πηλεΐωνα.

195 1113 285 1154 ἀλλ’
315 1114 335 1153 ὁ
358 1115 429 1164 μὲν
453 1115 496 1154 ἐν
521 1112 664 1163 νήεσσι
690 1113 874 1164 κορωνίσι
899 1113 1182 1164 ποντοπόροισι

196 1179 286 1220 κεῖτ’
311 1180 558 1229 ἀπομηνίσας
582 1178 848 1230 Ἀγαμέμνονι
872 1178 1029 1229 ποιμένι
1053 1181 1161 1218 λαῶν

195 1245 387 1302 Ἀτρεΐδῃ·
423 1246 514 1285 λαοὶ
539 1247 580 1285 δὲ
605 1246 711 1297 παρὰ
734 1246 892 1297 ῥηγμῖνι
919 1243 1128 1294 θαλάσσης

196 1313 394 1352 δίσκοισιν
418 1311 607 1363 τέρποντο
634 1312 695 1351 καὶ
721 1310 955 1366 αἰγανέῃσιν
982 1310 1104 1352 ἱέντες

194 1376 370 1427 τόξοισίν
395 1377 442 1418 θ’·
481 1378 591 1418 ἵπποι
618 1379 658 1418 δὲ
685 1377 774 1429 παρ’
800 1376 971 1428 ἅρμασιν
997 1377 1102 1417 οἷσιν
1127 1376 1295 1418 ἕκαστος

193 1444 321 1484 λωτὸν
347 1445 599 1496 ἐρεπτόμενοι
625 1444 885 1495 ἐλεόθρεπτόν
909 1460 952 1483 τε
978 1443 1139 1484 σέλινον

195 1511 384 1551 ἕστασαν·
422 1509 575 1562 ἅρματα
600 1509 631 1550 δ’
658 1509 698 1550 εἷ’)
723 1509 1007 1560 πεπυκασμένα
1032 1513 1135 1550 κεῖτο
1161 1508 1339 1550 ἀνάκτων

195 1578 237 1617 ἐν
264 1578 431 1632 κλισίῃς·
470 1578 505 1616 οἱ
530 1576 562 1616 δ’
588 1576 711 1629 ἀρχὸν
737 1575 950 1629 ἀρηΐφιλον
975 1575 1185 1617 ποθέοντες

195 1644 344 1695 φοίτων
370 1643 463 1683 ἔνθα
489 1643 551 1683 καὶ
577 1643 671 1683 ἔνθα
697 1643 794 1682 κατὰ
821 1642 989 1695 στρατὸν
1015 1641 1096 1684 οὐδ’
1123 1641 1331 1694 ἐμάχοντο.

261 1711 311 1750 Οἱ
337 1709 370 1749 δ’
396 1708 455 1761 ἄρ’
481 1711 574 1749 ’ίσαν
601 1709 651 1750 ὡς
676 1710 712 1749 εἴ
734 1726 776 1749 τε
802 1709 891 1761 πυρὶ
916 1709 1024 1762 χθὼν
1050 1711 1162 1749 πᾶσα
1186 1707 1355 1759 νέμοιτο·

194 1779 287 1828 γαῖα
312 1775 343 1815 δ’
369 1775 654 1828 ὑπεστενάχιζε
681 1776 748 1816 Διὶ
774 1776 824 1817 ὣς
848 1775 1135 1829 τερπικεραύνῳ

194 1841 394 1896 χωομένῳ,
421 1843 486 1882 ὅτε
510 1842 543 1882 τ’
569 1843 671 1894 ἀμφὶ
695 1841 859 1894 Τυφωέϊ
882 1846 999 1894 γαῖαν
1026 1841 1178 1897 ἱμάσσῃ

195 1910 252 1948 εἰν
277 1908 465 1959 Ἀρίμοις,
494 1909 554 1948 ὅθι
580 1910 683 1960 φασὶ
707 1907 899 1961 Τυφωέος
924 1908 1086 1959 ἔμμεναι
1111 1906 1237 1949 εὐνάς·

195 1975 245 2016 ὣς
270 1974 343 2026 ἄρα
367 1978 444 2014 τῶν
467 1974 542 2015 ὑπὸ
568 1975 693 2015 ποσσὶ
717 1975 821 2027 μέγα
846 1975 1100 2027 στεναχίζετο
1125 1977 1219 2026 γαῖα

195 2040 431 2094 ἐρχομένων·
468 2040 578 2092 μάλα
602 2041 635 2081 δ’
661 2040 741 2081 ὦκα
766 2041 1010 2093 διέπρησσον
1035 2041 1240 2085 πεδίοιό]

258 2108 419 2160 Τρωσὶν
444 2107 476 2147 δ’
508 2107 678 2160 ἅγγελος
702 2107 799 2158 ἦλθε
824 2106 1043 2158 ποδήνεμος
1069 2105 1170 2146 ὠκέα
1189 2104 1287 2157 Ἶρις

193 2175 270 2226 πὰρ
298 2174 393 2216 Διὸς
419 2175 614 2227 αἰγιόχοιο
640 2174 714 2214 σὺν
740 2174 908 2228 ἀγγελίῃ
934 2175 1133 2228 ἀλεγεινῇ·

1450 390 1514 429 760

1452 1058 1517 1089 770

1456 1387 1517 1421 775

1453 2043 1517 2082 785

238 2263 298 2301 761
323 2262 354 2292 ‘r’
370 2259 424 2302 ap]
444 2262 505 2301 ’γὰρ
524 2265 546 2291 b
558 2270 581 2297 g
591 2260 633 2291 al.
738 2263 801 2300 766
825 2262 941 2305 Πηρείῃ
952 2260 998 2310 12¹3
1011 2260 1088 2292 Bm5
1101 2261 1143 2292 U1
1158 2259 1298 2304 (-p÷tZ'V¹
1312 2261 1385 2302 V4)‚
1398 2261 1515 2302 Steph.

195 2304 299 2345 Byz.:
333 2304 441 2345 Πειρίῃ
464 2314 493 2334 ν.
516 2303 534 2333 l.
556 2313 609 2342 ap.
634 2303 753 2335 Eust.:
789 2306 897 2347 Πιρείῃ
920 2316 957 2336 m
977 2305 1016 2336 al.
1036 2316 1044 2335 :
1075 2306 1171 2348 Φηρίῃ
1188 2303 1300 2342 me⁷
1325 2305 1473 2337 Macrob.
1496 2306 1516 2337 i.

198 2358 246 2386 17.
267 2358 332 2386 44:
357 2346 464 2388 Πιερίῃ
485 2346 570 2385 vulg.
588 2357 594 2376 :
620 2347 736 2389 Πηερίῃ
753 2347 785 2378 Α
802 2359 808 2378 :
831 2349 937 2390 Φιερίη
955 2346 1018 2378 Μ12
1037 2358 1122 2381 corr.
1270 2349 1332 2387 782
1354 2348 1518 2389 χωόμενος

194 2388 390 2465 ξὶιῙ-Ξὼρῖὁεό
504 2390 565 2428 ’783
584 2400 602 2419 a
620 2392 710 2432 χώρῳ
728 2392 771 2423 ἐνὶ
790 2390 1041 2432 δρυόεντι”Ύδης
1059 2393 1093 2423 ἐν
1109 2392 1192 2424 πίονι
1210 2392 1296 2431 δήμῳ
1311 2391 1444 2430 quidam
1462 2402 1514 2431 ap.
