1624 2802
546 174 576 195 ι.
650 159 909 196 ῙᾹΙΑΔΟΣ
959 160 994 196 H

108 264 211 301 τοῖσι
238 259 269 300 δ’
296 259 355 300 ἐπ’
381 259 597 311 Ἰδομενεὺς
625 261 685 300 καὶ
712 261 845 301 ὀπάων
873 260 1104 311 Ἰδομενῆος,
1370 267 1428 306 165

109 327 320 379 Μηριόνης,
350 325 568 368 ἀτάλαντος
593 326 787 381 Ἐνυαλίῳ
815 327 1088 383 ἀνδρειφόντῃ,

107 396 211 434 τοῖσι
236 392 268 432 δ’
294 393 354 433 ἐπ’
382 393 622 444 Εὐρύπυλος,
654 393 872 444 Εὐαίμονος
898 393 1047 445 ἀγλαὸς
1071 395 1166 440 υἱός,

107 459 154 500 ἂν
177 461 218 500 δὲ
245 460 355 500 Θόας
380 459 700 511 Ἀνδραιμονίδης
728 461 789 499 καὶ
816 462 895 500 δῖος
922 459 1155 502 Ὀδυσσεύς·

107 525 248 567 πάντες
273 525 332 577 ἄρ’
359 526 398 565 οἵ
421 525 456 577 γ’
483 526 622 566 ἔθελον
649 526 874 576 πολεμίζειν
893 524 1055 577 ’Ἐκτορι
1081 528 1162 581 δίῳ.

106 596 185 634 τοῖς
210 592 242 632 δ’
268 592 374 633 αὖτις
398 591 579 643 μετέειπε
607 591 790 643 Γερήνιος
816 593 962 632 ἱππότα
988 592 1170 644 Νέστωρ·
1368 605 1429 637 170

109 661 133 676 “
150 656 276 712 κλήρῳ
303 662 370 699 νῦν
396 657 633 699 πεπάλασθε
659 658 879 711 διαμπερές,
907 659 949 699 ὅς
976 676 1017 699 κε
1041 658 1232 716 λάχῃσιν·

106 725 215 766 οὗτος
240 726 315 776 γὰρ
340 725 384 774 δὴ
411 723 549 774 ὀνήσει
575 725 803 776 ἐϋκνήμιδας
830 724 1027 778 Ἀχαιούς,

107 791 167 831 καὶ
193 790 224 830 δ’
250 791 365 832 αὐτὸς
389 790 432 831 ὃν
459 791 579 842 θυμὸν
606 791 802 841 ὀνήσεται,
831 792 872 831 αἵ
897 809 938 831 κε
965 792 1118 848 φύγῃσι

106 857 213 910 δηΐου
238 859 281 897 ἐκ
305 857 495 908 πολέμοιο
524 859 584 898 καὶ
612 859 721 907 αἰνῆς
746 857 990 908 δηίὀτῆτος.”

164 921 244 965 ΔΩς
270 924 398 976 ἔφαθ’,
428 926 462 964 οἱ
490 926 530 964 δὲ
560 927 704 976 κλῆρον
731 923 979 975 ἐσημήναντο
1006 925 1183 970 ἕκαστος,
1367 937 1426 968 175

105 991 146 1030 ἐν
172 989 204 1029 δ’
231 991 379 1040 ἔβαλον
408 990 520 1046 κυνέῃ
550 990 843 1042 Ἀγαμέμνονος
870 990 1086 1042 Ἀτρεΐδαο.

105 1057 193 1096 λαοὶ
219 1056 251 1096 δ’
276 1055 488 1108 ἠρήσαντο,
518 1059 644 1097 θεοῖσι
670 1059 711 1096 δὲ
738 1061 871 1110 χεῖρας
897 1057 1086 1109 ἀνέσχον·

104 1123 176 1162 ὧδε
203 1122 245 1162 δέ
269 1139 326 1163 τις
354 1124 536 1163 εἴπεσκεν
563 1124 653 1163 ἰδὼν
680 1125 734 1164 εἰς
760 1123 925 1174 οὐρανὸν
952 1123 1076 1174 εὐρύν·

107 1190 131 1206 “
148 1191 223 1228 Ζεῦ
248 1188 381 1240 πάτερ,
409 1186 432 1238 ἢ
459 1191 607 1229 Αἴαντα
633 1193 787 1242 λαχεῖν,
815 1186 837 1239 ἦ
863 1189 1008 1230 Τυδέος
1033 1190 1130 1235 υἱόν,

103 1251 125 1304 ἢ
152 1255 269 1295 αὐτὸν
294 1257 476 1305 βασιλῆα
501 1256 769 1308 πολυχρύσοιο
797 1255 1021 1305 Μυκήνης.”
1367 1260 1427 1290 180

163 1320 242 1362 ΔΩς
266 1321 326 1373 ἄρ’
352 1322 465 1373 ἔφαν,
495 1321 649 1362 πάλλεν
676 1325 715 1362 δὲ
743 1321 925 1373 Γερήνιος
952 1322 1099 1362 ἱππότα
1125 1320 1306 1372 Νέστωρ,

104 1389 144 1427 ἐκ
170 1387 202 1426 δ’
229 1388 338 1439 ἔθορε
365 1390 508 1440 κλῆρος
535 1388 682 1438 κυνέης,
711 1388 755 1428 ὃν
781 1388 839 1438 ἄρ’
866 1388 1010 1438 ἤθελον
1036 1387 1157 1431 αὐτοί,

104 1455 281 1495 Αἴαντος·
320 1453 440 1506 κῆρυξ
462 1456 502 1494 δὲ
530 1454 661 1506 φέρων
687 1454 746 1494 ἀν’
773 1456 913 1505 ὅμιλον
939 1454 1091 1509 ἁπάντῃ

104 1519 201 1570 δεῖξ’
227 1519 379 1571 ἐνδέξια
404 1523 526 1561 πᾶσιν
553 1520 814 1572 ἀριστήεσσιν
841 1520 1026 1573 Ἀχαιῶν.

104 1588 138 1626 οἱ
164 1585 196 1626 δ’
221 1586 265 1626 οὐ
290 1587 580 1638 γιγνώσκοντες
606 1586 855 1637 ἀπηνήναντο
883 1587 1058 1628 ἕκαστος.
1370 1590 1424 1627 ¹85

103 1652 193 1692 ἀλλ’
219 1653 284 1693 ὅτε
310 1652 355 1702 δὴ
382 1653 449 1693 τὸν
475 1654 583 1693 ἵκανε
609 1652 742 1705 φέρων
769 1652 828 1693 ἀν’
854 1653 992 1703 ὅμιλον
1018 1651 1184 1707 ἁπάντῃ,

104 1719 145 1759 ὅς
168 1736 235 1768 μιν
261 1718 486 1771 ἐπιγράψας
514 1719 628 1774 κυνέῃ
654 1718 771 1769 βάλε,
801 1720 986 1771 φαίδιμος
1012 1719 1121 1762 Αἴας,

103 1783 188 1833 ἤτοι
212 1784 412 1837 ὑπέσχεθε
438 1785 548 1837 χεῖρ’,
578 1786 597 1824 ὁ
624 1785 655 1825 δ’
682 1784 741 1836 ἄρ’
769 1786 946 1835 ἔμβαλεν
972 1784 1067 1836 ἄγχι
1093 1781 1309 1834 παραστάς,

103 1854 182 1901 γνῶ
209 1853 249 1890 δὲ
277 1850 421 1902 κλήρου
447 1853 554 1902 σῆμα
581 1852 683 1896 ἰδών,
712 1850 862 1903 γήθησε
888 1852 929 1890 δὲ
955 1853 1073 1903 θυμῷ.

104 1915 170 1955 τὸν
195 1919 267 1967 μὲν
292 1919 369 1969 πὰρ
396 1917 482 1957 πόδ’
510 1917 574 1957 ἑὸν
600 1917 767 1970 χαμάδις
793 1916 899 1966 βάλε
926 1914 1113 1968 φώνησέν
1139 1931 1193 1954 τε·
1362 1926 1424 1957 ¹90

107 1980 175 2021 “OE
201 1984 325 2034 φίλοι,
353 1983 438 2033 ἤτοι
466 1986 607 2035 κλῆρος
633 1984 737 2034 ἐμός,
766 1984 889 2036 χαίρω
916 1984 957 2022 δὲ
984 1982 1044 2021 καὶ
1070 1979 1184 2021 αὐτὸς

105 2049 220 2101 θυμῷ,
250 2049 333 2089 ἐπεὶ
359 2050 477 2090 δοκέω
505 2050 715 2100 νικησέμεν
733 2048 908 2099 “Έκτορα
934 2051 1030 2088 δῖον.

105 2113 193 2152 ἀλλ’
219 2114 338 2167 ἄγετ’,
366 2116 457 2168 ὄφρ’
484 2117 532 2157 ἂν
559 2117 636 2169 ἐγὼ
662 2114 858 2166 πολεμήϊα
882 2115 1023 2166 τεύχεα
1049 2113 1139 2157 δύω,

148 2197 208 2228 168
231 2197 285 2239 ἂν]
304 2201 336 2230 ἐν
352 2203 377 2229 h
539 2210 593 2238 171
622 2200 810 2231 πεπάλασθε
828 2199 885 2230 ΑΓ.
905 2201 996 2230 Hdn.
1016 2200 1242 2238 adquBC
1261 2202 1351 2241 Lips.
1372 2203 1422 2233 T:

102 2240 289 2281 πεπάλαχθε
306 2241 394 2280 vulg.
558 2253 616 2281 177
642 2245 741 2274 θεοῖσι
759 2243 793 2274 δὲ
810 2242 932 2273 Alexio
952 2242 1119 2273 Heracleo
1135 2244 1224 2283 vulg.
1242 2256 1249 2274 t
1274 2248 1355 2277 θεοῖς
1376 2246 1421 2277 ἰδὲ

104 2283 186 2314 Ptol.
206 2284 316 2314 Ascal.
334 2296 353 2315 c
365 2285 495 2322 eghA
508 2285 534 2315 B
548 2286 574 2316 C
586 2286 614 2315 T
631 2286 671 2316 al.
792 2296 852 2323 179
877 2285 1009 2325 λαχεῖν]
1026 2289 1141 2327 τυχεῖν
1156 2291 1181 2317 11
1300 2289 1359 2318 186
1384 2291 1420 2326 δὴ

102 2327 157 2357 τὸν
173 2331 205 2357 et
223 2328 261 2365 δή
277 2328 303 2368 ῥ’
317 2327 375 2359 Ar.
396 2330 521 2367 (διχῶς)
539 2341 545 2359 :
570 2330 608 2366 δή
625 2330 652 2369 ῥ’
670 2330 698 2358 Α
713 2328 755 2358 U¹
769 2328 826 2358 V¹⁶
916 2328 1056 2370 ἁπάντῃ]
1074 2330 1211 2369 Ἀχαιῶν
1228 2334 1281 2361 ch
1298 2331 1338 2362 al.

107 2370 162 2408 187
187 2370 300 2408 κυνέην
316 2381 337 2401 a
350 2370 387 2400 L⁴
404 2370 453 2400 M⁵
467 2371 512 2401 U*
524 2371 577 2401 v¹¹
593 2371 651 2400 vv·
663 2372 721 2402 νει
860 2382 917 2409 193
942 2371 1022 2403 δύνω
1038 2371 1097 2401 ΑΓ.
1117 2372 1174 2402 v¹²
