1629 2828
547 134 582 169 2.
659 130 918 167 ΙΛῘΑΔΟΣ
990 130 1020 167 Β

124 231 208 283 ἥατ’
233 231 288 272 ἐνὶ
311 229 497 282 μεγάροις
523 230 811 283 ποτιδέγμεναι·
850 230 946 281 ἄμμι
971 232 1012 271 δὲ
1038 231 1155 283 ἔργον

124 299 245 340 αὕτως
269 296 498 349 ἀκράαντον,
526 297 570 337 οὗ
596 299 725 338 εἵνεκα
749 297 848 349 δεῦρ’
876 298 1078 348 ἱκόμεσθα.

123 364 212 406 ἀλλ’
237 363 356 416 ἄγεθ’,
384 363 434 406 ὡς
458 363 505 404 ἂν
532 365 609 416 ἐγὼ
635 366 742 410 εἴπω,
770 364 993 414 πειθώμεθα
1018 363 1174 406 πάντες·

124 431 328 484 φεύγωμεν
355 430 430 470 σὺν
454 431 570 478 νηυσὶ
595 431 718 482 φίλην
744 431 783 472 ἐς
808 431 975 482 πατρίδα
1000 433 1129 482 γαῖαν·
1382 445 1444 475 140

123 497 166 537 οὐ
188 498 261 549 γὰρ
286 497 342 537 ἔτι
366 498 512 548 Τροίην
536 496 752 549 αἱρήσομεν
777 496 1047 549 εὐρυάγυιαν.”

183 561 260 605 ὸ,Ως
285 562 402 615 φάτο,
428 567 535 604 τοῖσι
559 566 600 603 δὲ
627 563 746 614 θυμὸν
771 563 829 604 ἐνὶ
854 562 1074 613 στήθεσσιν
1099 565 1204 616 ὄρινε

122 631 217 671 πᾶσι
240 631 339 681 μετὰ
363 631 529 680 πληθύν,
557 630 645 670 ὅσοι
670 631 714 670 οὐ
737 632 890 681 βουλῆς
915 629 1151 671 ἐπάκουσαν·

123 695 254 746 κινήθη
280 695 312 736 δ’
337 696 459 748 ἀγορὴ
485 697 541 748 φὴ
568 698 716 747 κύματα
740 698 866 748 μακρὰ
893 696 1114 747 θαλάσσης,

122 763 263 803 πόντου
289 762 483 815 Ἰκαρίοιο,
510 765 557 803 τὰ
580 763 653 814 μέν
678 763 710 803 τ’
738 763 862 815 Εὖρός
887 780 929 804 τε
955 764 1085 805 Νότος
1109 780 1152 804 τε
1380 775 1440 806 145

122 828 230 881 ὤρορ’
259 828 419 880 ἐπαΐξας
444 830 589 882 πατρὸς
616 829 712 872 Διὸς
737 831 778 870 ἐκ
803 830 1024 882 νεφελάων.

121 896 172 938 ὡς
195 895 227 935 δ’
254 897 317 936 ὅτε
343 895 482 952 κινήσῃ
510 896 688 949 Ζέφυρος
712 897 817 947 βαθὺ
841 896 957 946 λήϊον
983 897 1122 942 ἐλθών,

120 961 271 1013 λάβρος
299 963 521 1015 ἐπαιγίζων,
549 964 616 1004 ἐπί
637 963 670 1003 τ’
696 963 808 1014 ἠμύει
833 963 1123 1016 ἀσταχύεσσιν,

121 1029 171 1070 ὣς
196 1032 273 1069 τῶν
298 1029 392 1069 πᾶσ’
417 1030 538 1081 ἀγορὴ
566 1029 714 1080 κινήθη·
753 1031 812 1070 τοὶ
837 1029 870 1069 δ’
895 1031 1081 1084 ἀλαλητῷ

122 1097 215 1145 νῆας
240 1094 300 1136 ἔπ’
327 1096 552 1142 ἐσσεύοντο,
579 1100 709 1136 ποδῶν
735 1096 766 1136 δ’
791 1095 977 1147 ὑπένερθε
1001 1097 1107 1146 κονίη
1382 1107 1442 1138 150

121 1161 248 1201 ἵστατ’
275 1162 492 1213 ἀειρομένη·
531 1163 591 1202 τοὶ
616 1162 647 1202 δ’
673 1161 889 1212 ἀλλήλοισι
915 1162 1072 1203 κέλευον

121 1226 315 1268 ἅπτεσθαι
340 1233 442 1279 νηῶν
466 1229 524 1279 ἠδ’
550 1229 715 1280 ἑλκέμεν
741 1231 794 1270 εἷς
819 1228 898 1268 ἅλα
922 1232 1021 1275 δῖαν,

121 1294 254 1346 οὐρούς
278 1294 311 1334 τ’
338 1293 598 1347 ἐξεκάθαιρον·
637 1295 730 1345 ἀϋτὴ
756 1295 788 1335 δ’
815 1295 979 1347 οὐρανὸν
1003 1297 1086 1336 ἷκεν

121 1362 250 1401 οἴκαδε
277 1360 450 1411 ἱεμένων·
487 1362 561 1402 ὑπὸ
586 1362 617 1402 δ’
643 1361 755 1418 ιἥρεον
781 1363 928 1414 ἕρματα
953 1366 1068 1412 νηῶν.

181 1426 309 1467 ’Ένθα
335 1445 400 1468 κεν
425 1428 666 1480 Ἀργείοισιν
691 1427 892 1481 ὑπέρμορα
917 1429 1058 1470 νόστος
1085 1428 1239 1480 ἐτύχθη,
1382 1440 1439 1470 155

122 1494 154 1534 εἰ
178 1493 229 1544 μὴ
255 1493 465 1545 Ἀθηναίην
483 1493 591 1546 ’Ἡρη
618 1494 713 1547 πρὸς
737 1497 857 1545 μῦθον
883 1494 1022 1535 ἔειπεν·

124 1562 148 1577 “
166 1558 195 1600 ὢ
219 1561 350 1606 πόποι,
379 1562 574 1613 αἰγιόχοιο
601 1562 696 1603 Διὸς
720 1561 843 1607 τέκος,
870 1561 1105 1613 Ἀτρυτώνη,

122 1627 218 1666 οὕτω
245 1626 289 1676 δὴ
316 1626 466 1667 οἶκόνδε
492 1629 616 1678 φίλην
641 1629 680 1669 ἐς
705 1629 871 1679 πατρίδα
896 1631 1013 1679 γαῖαν

122 1691 294 1744 Ἀργεῖοι
318 1692 529 1745 φεύξονται
554 1694 613 1735 ἐπ’
639 1694 751 1745 εὐρέα
775 1698 878 1734 νῶτα
903 1693 1124 1744 θαλάσσης,

125 1760 192 1798 κὰδ
218 1759 260 1799 δέ
284 1777 349 1799 κεν
374 1759 552 1812 εὐχωλὴν
579 1760 742 1815 Πριάμῳ
770 1762 832 1801 καὶ
856 1762 992 1812 Τρωσὶ
1019 1762 1173 1801 λίποιεν
1379 1763 1439 1794 160

123 1823 304 1877 Ἀργείην
328 1825 509 1876 Ἑλένην,
537 1827 581 1876 ἧς
606 1828 735 1867 εἵνεκα
758 1827 903 1867 πολλοὶ
930 1826 1103 1879 Ἀχαιῶν

123 1891 165 1931 ἐν
188 1893 308 1948 Τροίῃ
335 1893 545 1938 ἀπόλοντο,
573 1895 693 1945 φίλης
719 1893 794 1933 ἀπὸ
818 1895 1002 1945 πατρίδος
1027 1895 1124 1943 αἴης·

125 1957 214 1997 ἀλλ’
237 1959 292 1998 ἴθι
315 1962 384 1999 νῦν
410 1961 506 1999 κατὰ
531 1959 629 2000 λαὸν
654 1959 828 2012 Ἀχαιῶν
852 1960 1173 2013 χαλκοχιτώνων·

126 2027 209 2066 σοῖς
234 2026 392 2076 ἀγανοῖς
418 2025 604 2067 ἐπέεσσιν
630 2025 764 2077 ἐρήτυε
790 2030 903 2078 φῶτα
928 2027 1107 2072 ἕκαστον,

170 2125 228 2155 137
253 2116 332 2148 εἵατ’
345 2120 388 2149 ἐνὶ
405 2118 493 2157 vulg.
510 2130 516 2149 ε
542 2120 644 2150 εἵαται
662 2121 696 2150 ἐν
710 2118 912 2150 Heraclides
922 2124 944 2150 b
957 2130 976 2150 c
990 2130 1014 2157 g
1026 2125 1051 2151 h
1062 2120 1103 2150 V¹
1119 2121 1169 2151 Ve
1182 2122 1222 2152 al.
1243 2134 1249 2152 ;
1275 2121 1353 2154 εἵατ’
1372 2125 1404 2153 ἐν
1414 2122 1445 2152 Α

126 2157 166 2187 Le
178 2159 223 2189 U⁶
232 2159 287 2189 V¹¹
300 2159 361 2190 V22
378 2172 384 2191 τ
404 2162 444 2191 de
454 2162 548 2198 ἥαται
562 2162 626 2192 vid.
644 2163 745 2201 praef.
816 2162 1058 2203 προτιδέγμεναι
1071 2163 1174 2208 ᾨῦΟΑ
1188 2164 1237 2194 Ve
1303 2175 1355 2203 141
1376 2167 1443 2196 ath.

125 2202 254 2240 quidam
267 2208 333 2234 ant.
353 2216 360 2234 :
384 2203 522 2236 om.V³2
666 2213 724 2243 143
749 2205 815 2235 ath.
836 2207 893 2237 Ar.
1029 2215 1086 2242 144
1111 2211 1155 2245 φὴ
1168 2205 1247 2235 Zen.
1267 2216 1273 2234 :
1293 2208 1332 2238 ὡς
1344 2207 1440 2236 codd.

210 2248 269 2285 148
295 2249 456 2281 ἐπαΐσσων
472 2249 644 2289 Aristoph.
802 2252 862 2289 156
888 2251 915 2281 εἷ
936 2251 979 2288 μὴ
1001 2251 1151 2288 Ἀθηναίη
1177 2250 1339 2283 λαοσσόος
1365 2250 1436 2288 ἦλθ’

128 2290 179 2321 ἀπ’
194 2291 355 2330 Ὀλύμπου
381 2291 461 2322 Zen.
663 2294 810 2332 157—168
834 2293 945 2323 omisit
962 2293 1042 2324 Zen.
1197 2295 1343 2325 160-162
1368 2294 1434 2325 ath.

124 2333 174 2363 hic
195 2333 251 2364 Ar.
277 2335 325 2375 (=
346 2336 508 2374 176-178)
646 2338 701 2366 161
728 2337 876 2378 Ἀργείην
899 2336 923 2368 θ’
944 2336 1027 2367 Zen.
1187 2338 1246 2375 163
1271 2339 1354 2369 κατὰ
1375 2337 1433 2368 Ar.

125 2375 269 2417 (ἅπασαι)
282 2381 416 2415 acfgi
431 2389 437 2408 z
453 2380 536 2418 μετὰ
555 2379 610 2427 ᾨ3,
625 2380 720 2411 codd.
735 2381 886 2419 plerique
979 2381 1037 2418 164
1055 2381 1120 2411 ath.
1137 2380 1189 2410 hic
1207 2380 1266 2412 Ar.
1303 2381 1376 2420 180)

125 2421 190 2451 σοῖς
205 2419 376 2460 Aristoph.
392 2421 450 2452 Ar.
471 2423 516 2463 (αἱ
531 2423 757 2464 χαριέσταταιό
779 2422 832 2453 [18
847 2424 892 2454 U⁹
904 2422 947 2453 V3
962 2434 968 2453 ε
993 2426 1061 2455 σοῖς
1079 2423 1104 2455 δ’
1123 2423 1210 2462 vulg.
