1660 2802
657 147 692 181 5.
767 142 1027 179 ΙΛΙΑΔΟΣ
1075 143 1106 179 Ε

218 247 320 297 χειρὶ
346 245 466 284 πάλιν
492 244 667 295 ἐρύσασ’,
697 245 717 282 ὁ
742 244 774 284 δ’
799 244 857 295 ἄρ’
885 244 1092 295 ἐμμαπέως
1117 245 1352 297 ἁπόρουσεν’

219 311 242 360 ἡ
268 310 299 351 δ’
327 313 364 352 ἐς
390 311 530 362 δίφρον
556 311 695 361 ἔβαινε
722 310 842 362 παραὶ
870 310 1071 361 Διομήδεα
1095 315 1178 352 δῖον

219 378 436 428 ἐμμεμαυῖα
461 376 542 417 θεά·
580 376 682 429 μέγα
710 376 742 415 δ’
770 376 921 433 ἔβραχε
946 376 1114 429 φήγινος
1140 377 1242 429 ἄξων

216 443 452 499 βριθοσύνῃ*
490 442 620 493 δεινὴν
648 444 721 495 γὰρ
747 442 842 494 ἄγεν
869 442 957 484 θεὸν
982 443 1102 496 ἄνδρα
1126 444 1159 484 τ’
1184 444 1359 496 ἄριστον.

216 508 356 559 λάζετο
382 512 423 549 δὲ
446 508 621 561 μάστιγα
650 515 710 550 καὶ
735 510 825 560 ἡνία
851 512 1019 552 Παλλὰς
1044 510 1203 561 Ἀθήνη·
1479 517 1542 557 840

217 576 338 616 αὐτίκ’
365 575 425 616 ἐπ’
445 574 561 626 ’Άρηϊ
586 576 727 630 πρώτῳ
754 577 822 630 ἔχε
845 577 1029 630 μώνυχας
1054 579 1207 620 ἵππους.

216 642 300 692 ἤτοι
327 643 346 681 ὁ
371 644 442 693 μὲν
467 644 704 694 Περίφαντα
729 644 923 695 πελώριον
949 642 1180 695 ἐξενάριζεν,

218 710 405 749 Αἰτωλῶν
431 708 492 762 ὄχ’
519 708 695 760 ἄριστον,
725 709 921 762 Ὀχησίου
947 710 1099 761 ἀγλαὸν
1123 711 1220 751 υἱόν·

215 774 283 815 τὸν
309 777 378 826 μὲν
399 774 520 827 ’Ἀρης
547 775 697 827 ἐνάριζε
722 777 945 828 μιαιφόνος·
984 777 1105 829 αὐτὰρ
1131 776 1275 828 Ἀθήνη

216 841 295 882 δῦν’
314 841 450 884 ’Ἄϊδος
478 840 628 892 κυνέην,
657 841 709 893 μή
734 859 800 893 μιν
827 845 903 884 ’ίδοι
928 845 1095 895 ὄβριμος
1115 842 1250 895 ”Αρης.
1477 849 1541 888 845

282 907 355 950 Ὠς
381 910 422 948 δὲ
446 910 503 948 ’ίδε
527 909 791 961 βροτολοιγὸς
811 908 933 961 ’Άρης
959 909 1160 961 Διομήδεα
1184 913 1279 958 δῖον,

215 974 302 1025 ἤτοι
327 975 347 1014 6
371 977 442 1026 μὲν
470 976 706 1027 Περίφαντα
731 976 927 1028 πελώριον
952 976 1082 1017 αὐτόθ’
1108 977 1202 1018 ἔασε

217 1045 381 1087 κεῖσθαι,
410 1042 471 1081 ὅθι
498 1045 652 1093 πρῶτον
678 1044 837 1083 κτείνων
863 1042 1041 1093 ἐξαίνυτο
1067 1044 1199 1094 θυμόν,

215 1107 336 1160 αὐτὰρ
360 1108 379 1146 ὁ
404 1110 458 1158 βῆ
484 1108 524 1160 ῥ’
553 1108 634 1149 ἰθὺς
662 1108 882 1159 Διομήδεος
908 1109 1157 1160 ἱπποδάμοιο.

215 1175 250 1213 οἱ
276 1173 308 1213 δ’
333 1175 398 1214 ὅτε
424 1174 469 1223 δὴ
498 1174 644 1227 σχεδὸν
670 1173 773 1224 ἦσαν
799 1175 858 1215 ἐπ’
885 1174 1126 1226 ἀλλήλοισιν
1152 1177 1288 1223 ἰόντες,
1477 1180 1541 1220 850

215 1241 389 1291 πρόσθεν
407 1239 531 1291 ’Ἄρης
558 1239 720 1292 ὠρέξαθ’
749 1242 845 1292 ὑπὲρ
873 1241 987 1293 ζυγὸν
1011 1242 1102 1292 ἡνία
1127 1243 1161 1282 θ’
1187 1244 1318 1283 ἵππων

214 1306 325 1359 ἔγχεϊ
349 1309 535 1361 χαλκείῳ,
564 1308 721 1357 μεμαὼς
747 1308 824 1347 ἀπὸ
850 1307 971 1358 θυμὸν
997 1306 1172 1349 ἑλέσθαι·

215 1373 276 1413 καὶ
301 1374 348 1413 τό
373 1390 417 1425 γε
444 1374 547 1426 χειρὶ
571 1377 760 1424 λαβοῦσα
787 1376 856 1414 θεὰ
881 1379 1105 1426 γλαυκῶπις
1131 1374 1279 1427 Ἀθήνη

214 1437 318 1480 ὦσεν
343 1440 440 1480 ὑπὲκ
466 1440 624 1492 δίφροιο
650 1441 818 1480 ἐτώσιον
844 1441 1040 1494 ἀϊχθῆναι.

214 1506 391 1559 δεύτερος
417 1506 501 1546 αὖθ’
528 1506 683 1558 ὡρμᾶτο
708 1507 812 1557 βοὴν
838 1507 985 1559 ἀγαθὸς
1011 1506 1212 1558 Διομήδης
1475 1514 1538 1553 855

213 1571 325 1625 ἔγχεϊ
349 1574 539 1627 χαλκείῳ·
578 1571 760 1625 ἐπέρεισε
786 1575 826 1613 δὲ
853 1575 1022 1616 Παλλὰς
1047 1573 1192 1624 Ἀθήνη

212 1640 367 1679 νείατον
393 1640 432 1680 ἐς
459 1643 640 1685 κενεῶνα,
668 1640 730 1679 ὅθι
758 1640 1001 1689 ζωννύσκετο
1025 1642 1154 1697 μίτρῃ·

211 1706 256 1760 τῇ
281 1705 330 1757 ῥά
355 1723 420 1755 μιν
447 1706 541 1745 offra
565 1706 707 1759 τυχών,
735 1708 797 1746 διὰ
823 1709 864 1747 δὲ
890 1707 990 1760 χρόα
1017 1707 1138 1747 καλὸν
1163 1707 1324 1759 ἔδαψεν,

212 1773 254 1811 ἐκ
279 1774 321 1812 δὲ
346 1773 437 1823 δόρυ
463 1772 621 1812 σπάσεν
647 1772 766 1814 αὖτις·
806 1774 826 1811 ὁ
850 1772 882 1812 δ’
908 1774 1058 1827 ἔβραχε
1083 1772 1255 1826 χάλκεος
1274 1773 1408 1826 Ἄρης,

210 1839 338 1878 ὅσσον
362 1838 396 1877 τ’
422 1838 647 1892 ἐννεάχιλοι
674 1840 841 1892 ἐπίαχον
865 1836 888 1889 ἢ
915 1839 1119 1893 δεκάχιλοι
1470 1844 1535 1875 860

210 1903 344 1955 ἀνέρες
370 1906 411 1944 ἐν
438 1904 597 1959 πολέμῳ
623 1905 730 1956 ἔριδα
756 1904 990 1958 ξυνάγοντες
1009 1905 1168 1957 ”Αρηος.

209 1970 298 2012 τοὺς
324 1970 357 2009 δ’
382 1970 442 2022 ἄρ’
466 1971 541 2010 ὑπὸ
566 1972 708 2022 τρόμος
734 1972 840 2012 εἶλεν
865 1971 1053 2025 Ἀχαιούς
1077 1989 1119 2012 τε
1143 1971 1282 2023 Τρῶάς
1307 1988 1350 2013 τε

209 2037 429 2078 δείσαντας·
467 2037 587 2077 τόσον
613 2037 754 2090 ἔβραχ’
775 2037 898 2090 ’Ἄρης
923 2039 1015 2079 ἆτος
1040 2037 1244 2089 πολέμοιο.

275 2104 353 2152 Οἵη
379 2102 412 2141 δ’
438 2104 479 2142 ἐκ
506 2102 659 2155 νεφέων
685 2104 874 2155 ἐρεβεννὴ
902 2106 1085 2156 φαίνεται
1110 2104 1182 2156 ἀὴρ

245 2193 397 2231 838-839
419 2192 486 2223 ath.
507 2193 563 2223 Ar.
657 2197 721 2234 838
745 2196 895 2237 φήγινος]
917 2197 1046 2234 πήδινος
1065 2208 1093 2228 ν.
1108 2197 1127 2228 l.
1148 2207 1200 2237 ap.
1222 2196 1372 2237 Hesych.
1393 2198 1433 2229 al.

201 2235 266 2274 839
290 2235 336 2276 τ’]
353 2237 379 2267 δ’
395 2234 455 2266 ΑΓ.
473 2236 566 2266 hV‘-'¹
667 2240 729 2277 842
755 2239 928 2281 ἐξενάριζεν
943 2240 1001 2271 ΑΓ.
1022 2240 1053 2270 Α
1067 2241 1099 2270 in
1118 2251 1180 2271 ras.
1203 2239 1299 2271 ΒῙ.19
1312 2240 1397 2272 M¹⁰z
1422 2241 1523 2282 ἐξενά-

200 2283 282 2317 ριξεν
301 2289 331 2309 v.
350 2278 370 2310 l.
387 2284 471 2317 ant.,
489 2286 550 2310 cet.
641 2284 704 2320 848
729 2285 827 2315 κεῖσθ’
845 2284 891 2315 ὅθι
909 2297 959 2324 πρ.
979 2297 1033 2323 μιν
1050 2293 1074 2321 g
1086 2283 1132 2314 U5
1148 2282 1208 2314 U¹1
1306 2285 1369 2323 852
1394 2285 1523 2317 ἑλέσθαι

200 2320 410 2369 p¹gnAV¹
429 2323 487 2354 a1.:
512 2324 646 2356 ὀλέσσαι
666 2325 754 2365 vulg.
858 2328 920 2366 854
945 2327 1021 2368 ὑπὲρ
1037 2326 1121 2357 AV1
1217 2328 1279 2366 857
1306 2327 1519 2367 ζωννύσκετο]

202 2366 425 2399 στελλέσκετο
443 2378 471 2398 ν.
488 2366 507 2398 l.
527 2373 595 2399 ant.
616 2369 664 2407 (ἔν
681 2382 747 2401 τισι
764 2373 828 2401 τῶν
846 2370 1092 2410 ὑπομνημάτων)
1203 2371 1299 2413 μίτρῃ
1317 2370 1375 2402 Ar.
1397 2369 1446 2402 M⁵
1458 2369 1523 2401 Μ10

202 2408 269 2439 Off:
292 2410 407 2451 μίτρην
426 2410 515 2441 Hdn.
537 2411 624 2451 vulg.
717 2414 782 2444 860
806 2414 906 2445 ὅσσον
922 2416 948 2445 δ’
965 2413 1138 2453 Aristoph.
1160 2414 1186 2444 T
