1624 2802
589 130 623 164 4.
697 125 956 162 ΙΛΙΑΔΟΣ
1006 127 1041 162 Δ

159 226 352 281 ἀργαλέον
377 227 524 279 Τρώων
549 228 611 268 καὶ
635 227 822 280 Ἀχαιῶν·
861 230 897 269 οἱ
922 229 963 268 δὲ
987 227 1100 268 λύκοι
1125 228 1176 270 ὣς

158 293 348 345 ἀλλήλοις
372 294 605 346 ἐπόρουσαν,
633 294 729 346 ἀνὴρ
753 293 785 334 δ’
811 294 917 346 ἄνδρ’
943 294 1209 344 ἐδνοπάλιζεν.

215 359 328 400 Ἔνθ’
353 359 469 411 ἔβαλ’
493 359 756 411 Ἀνθεμίωνος
779 360 864 401 υἱὸν
887 360 1143 411 Τελαμώνιος
1168 362 1279 408 Αἴας,

156 426 287 478 ἠΐθεον
313 425 479 478 θαλερὸν
505 428 746 477 Σιμοείσιον,
772 427 818 467 ὅν
842 443 937 467 ποτε
961 425 1086 480 μήτηρ

150 492 304 544 Ἴδηθεν
329 496 516 533 κατιοῦσα
539 493 629 545 παρ’
654 495 824 549 ὄχθῃσιν
849 494 1060 544 Σιμόεντος
1412 508 1474 539 475

155 559 313 613 γείνατ’,
341 561 430 600 ἐπεί
448 560 498 612 ῥα
522 563 703 600 τοκεῦσιν
728 560 792 611 ἅμ’
818 560 962 601 ἕσπετο
986 563 1094 611 μῆλα
1120 559 1285 601 ἰδέσθαι·

155 625 315 666 τοῦνεκά
337 642 404 677 μιν
430 625 573 667 κάλεον
597 628 837 677 Σιμοείσιον·
875 627 963 667 οὐδὲ
986 630 1144 667 τοκεῦσι

155 691 324 745 θρέπτρα
350 694 484 745 φίλοις
508 692 696 740 ἀπέδωκε,
724 693 973 744 μινυνθάδιος
997 693 1040 734 δέ
1065 695 1100 734 οἱ
1124 694 1219 734 αἰὼν

155 758 287 800 ἔπλεθ’
310 759 375 800 ὑπ’
402 761 570 802 Αἴαντος
592 760 817 812 μεγαθύμου
842 760 947 812 δουρὶ
973 759 1147 810 δαμέντι.

155 829 308 876 πρῶτον
333 825 407 878 γάρ
431 843 497 877 μιν
525 827 634 867 ἰόντα
657 826 764 877 βάλε
788 828 934 876 στῆθος
959 828 1063 878 παρὰ
1087 826 1209 877 μαζὸν
1413 831 1476 870 480

154 891 292 943 δεξιόν·
331 893 487 945 ἀντικρὺ
511 895 554 934 δὲ
577 892 627 933 δι’
653 893 758 944 ὤμου
781 892 955 946 χάλκεον
979 893 1098 946 ἔγχος

153 957 285 1009 ἦλθεν·
323 959 344 998 ὁ
368 959 401 999 δ’
428 961 468 1000 ἐν
496 960 651 1015 κονίῃσι
674 959 798 1012 χαμαὶ
822 959 945 1000 πέσεν
971 961 1140 1012 αἴγειρος
1164 960 1227 1006 ὥς,

152 1024 177 1075 ἥ
199 1024 249 1077 ῥά
272 1024 306 1065 τ’
333 1026 375 1066 ἐν
401 1027 560 1082 εἱαμενῇ
585 1026 695 1067 ἕλεος
719 1025 910 1078 μεγάλοιο
935 1026 1091 1082 πεφύκῃ

153 1091 252 1138 λείη,
281 1090 378 1143 ἀτάρ
402 1091 445 1132 τέ
469 1094 505 1132 οἱ
530 1092 610 1141 ὄζοι
636 1091 695 1132 ἐπ’
722 1091 912 1148 ἀκροτάτῃ
938 1092 1130 1144 πεφύασι·

153 1157 224 1207 τὴν
247 1157 319 1208 μέν
345 1157 378 1198 θ’
403 1158 679 1210 ἁρματοπηγὸς
701 1158 799 1210 ἀνὴρ
823 1160 959 1199 αἴθωνι
984 1157 1130 1213 σιδήρῳ
1416 1164 1474 1202 485

154 1222 320 1275 ἐξέταμ’,
347 1225 453 1277 ὄφρα
476 1226 559 1265 ’ίτυν
585 1223 723 1281 κάμψῃ
749 1224 982 1276 περικαλλέϊ
1006 1227 1144 1280 δίφρῳ·

153 1289 176 1340 ἡ
199 1289 270 1340 μέν
294 1290 328 1330 τ’
354 1290 520 1341 ἀζομένη
547 1295 669 1332 κεῖται
694 1294 882 1341 ποταμοῖο
908 1291 998 1343 παρ’
1025 1293 1159 1345 ὄχθας.

153 1359 259 1397 τοῖον
283 1356 342 1409 ἄρ’
368 1356 603 1408 Ἀνθεμίδην
627 1359 854 1408 Σιμοείσιον
881 1356 1102 1410 ἐξενάριξεν

154 1424 251 1465 Αἴας
276 1423 466 1476 διογενής·
506 1427 574 1464 τοῦ
597 1424 629 1464 δ’
650 1423 844 1476 ’Ἄντιφος
869 1424 1117 1477 αἰολοθώρηξ

154 1491 372 1541 Πριαμίδης
399 1490 481 1531 καθ’
507 1491 647 1542 ὅμιλον
677 1492 884 1532 ἀκόντισεν
910 1490 991 1541 ὀξέϊ
1015 1493 1134 1543 δουρί.
1409 1504 1472 1534 490

152 1560 218 1596 τοῦ
241 1558 312 1608 μὲν
338 1556 490 1609 ἅμαρθ’,
519 1558 538 1596 ὁ
563 1560 604 1598 δὲ
628 1560 789 1603 Λεῦκον,
818 1557 1039 1599 Ὀδυσσέος
1065 1557 1210 1597 ἐσθλὸν
1236 1559 1402 1610 ἑταῖρον,

150 1622 350 1673 βεβλήκει
374 1627 578 1675 βουβῶνα,
606 1624 719 1664 νέκυν
745 1622 905 1675 ἑτέρωσ’
931 1624 1105 1675 ἐρύοντα·

150 1688 264 1740 ἤριπε
289 1689 320 1730 δ’
348 1690 447 1742 ἀμφ’
473 1690 586 1745 αὐτῷ,
615 1690 750 1742 νεκρὸς
776 1690 818 1731 δέ
842 1692 877 1730 οἱ
903 1690 1045 1731 ἔκπεσε
1070 1691 1214 1743 χειρός.

150 1759 216 1796 τοῦ
240 1755 272 1795 δ’
299 1755 489 1798 Ὀδυσεὺς
512 1757 620 1807 μάλα
645 1756 766 1807 θυμὸν
792 1756 1077 1807 ἀποκταμένοιο
1101 1757 1275 1809 χολώθη,

149 1824 204 1872 βῆ
229 1824 270 1862 δὲ
298 1825 359 1862 διὰ
384 1823 601 1877 προμάχων
628 1822 906 1875 κεκορυθμένος
931 1824 1063 1864 αἴθοπι
1087 1823 1234 1877 χαλκῷ,
1407 1835 1469 1866 495

151 1890 224 1938 στῆ
249 1890 291 1929 δὲ
315 1888 409 1939 μάλ’
436 1890 552 1941 ἐγγὺς
578 1891 647 1930 ἰὼν
674 1890 736 1930 καὶ
761 1891 946 1930 ἀκόντισε
971 1890 1078 1940 δουρὶ
1104 1892 1252 1943 φαεινῷ

149 1954 249 2006 ἀμφὶ
275 1954 293 1994 ἓ
318 1954 534 2005 παπτήνας·
572 1957 647 1997 ὑπὸ
671 1959 712 1997 δὲ
737 1960 868 2008 Τρῶες
895 1955 1102 1996 κεκάδοντο

149 2020 286 2072 ἀνδρὸς
311 2022 635 2064 ἀκοντίσσαντος·
674 2024 693 2061 ὁ
718 2022 749 2062 δ’
775 2024 849 2075 οὐχ
874 2022 987 2062 ἅλιον
1013 2021 1138 2072 βέλος
1162 2021 1266 2071 ἧκεν,

148 2086 238 2126 ἀλλ’
262 2089 346 2128 υἱὸν
371 2088 566 2140 Πριάμοιο
591 2090 708 2130 νόθον
732 2088 838 2140 βάλε
864 2089 1144 2139 Δημοκόωντα,

148 2153 189 2194 ὅς
215 2155 250 2194 οἱ
276 2155 491 2205 Ἀβυδόθεν
517 2154 626 2205 ἦλθε,
653 2155 742 2207 παρ’
767 2157 897 2196 ἵππων
924 2153 1108 2195 ὠκειάων.
1402 2167 1467 2197 500

147 2219 214 2258 τόν
237 2219 275 2270 ῥ’
295 2220 486 2263 Ὀδυσεὺς
512 2221 664 2273 ἑτάροιο
689 2222 974 2275 χολωσάμενος
999 2219 1103 2271 βάλε
1127 2220 1233 2271 δουρὶ

189 2309 252 2346 478
275 2311 392 2350 θρεπτὰ
408 2310 489 2341 Zen.
509 2310 908 2343 cehGeU¹V1V¹2V¹⁰
924 2312 964 2342 al.
1091 2313 1151 2351 481
1179 2311 1341 2354 χάλκεον]
1361 2315 1469 2355 ἀρήϊον

148 2349 198 2380 Ve
343 2363 407 2392 490
430 2353 496 2394 ὀξέϊ
509 2359 624 2395 χαλκῷ
640 2366 660 2385 ο
673 2353 794 2385 L¹⁰V¹⁶
811 2367 817 2385 :
841 2356 925 2396 δουρὶ
943 2358 1061 2396 φαεινῷ
1079 2354 1128 2386 Μ9
1141 2354 1196 2385 Ρ12
1213 2366 1242 2386 ν.
1260 2355 1279 2387 l.
1302 2357 1333 2386 in
1351 2357 1381 2387 Α

149 2403 211 2432 493
236 2394 355 2436 ἔκφυγε
372 2395 453 2426 aM⁷
465 2396 505 2426 pe
516 2396 702 2436 P1⁵V¹V¹¹,
718 2409 748 2429 v.
762 2397 780 2427 l.
799 2408 852 2438 ap.
874 2397 966 2429 Eust.
