1670 2828
648 157 683 191 2.
759 150 1019 188 ΙΛΙΑΔΟΣ
1089 151 1120 187 Β

219 259 340 297 πᾶσιν
365 253 605 308 ἐλέγχιστον
632 254 790 305 θέμεναι
815 253 1043 304 μερόπεσσι
1069 255 1291 304 βροτοῖσιν,
1486 260 1547 298 285

218 322 305 362 οὐδέ
329 339 389 362 τοι
414 321 665 362 ἐκτελέουσιν
690 320 921 372 ὑπόσχεσιν
949 319 995 369 ἥν
1023 336 1095 370 περ
1120 318 1295 360 ὑπέσταν

300 388 346 402 l'x'

217 390 333 428 ἐνθαδ

212 454 337 495 Ἴλιον
364 452 595 505 ἐκπέρσαντ’
622 454 821 505 εὐτείχεον
849 451 1108 492 ἀπονέεσθαι.

374 388 430 428 ἔτι
456 388 682 440 στείχοντες
708 386 773 426 ἀπ’
794 384 964 437 ’Ἄργεος
994 385 1242 436 ἱπποβότοιο,

218 521 268 562 ὥς
292 538 335 561 τε
359 523 433 572 γὰρ
457 517 479 569 ἢ
506 522 640 560 παῖδες
665 519 795 570 νεαροὶ
821 519 945 571 χῆραί
969 535 1011 559 τε
1036 521 1217 570 γυναῖκες

218 586 458 637 ἀλλήλοισιν
483 587 684 637 ὀδύρονται
712 584 867 626 οἶκόνδε
895 584 1070 625 νέεσθαι.
1485 599 1549 630 290

218 653 241 703 ἦ
264 654 340 704 μὴν
367 654 428 693 καὶ
453 654 570 694 πόνος
595 652 705 692 ἐστὶν
733 651 947 702 ἀνιηθέντα
973 649 1147 692 νέεσθαι·

219 721 280 760 καὶ
306 719 380 771 γάρ
404 720 462 761 τίς
487 718 521 757 θ’
548 718 616 759 ἕνα
640 720 743 768 μῆνα
768 716 900 768 μένων
929 718 1006 758 ἀπὸ
1032 718 1077 769 ἧς
1102 718 1269 772 ἀλόχοιο

217 786 405 839 ἀσχαλάᾳ
431 786 504 825 σὺν
530 786 594 834 νηῒ
616 785 837 839 πολυζύγῳ,
869 785 914 825 ὅν
941 801 1013 837 περ
1039 784 1182 825 ἄελλαι

217 852 410 905 χειμέριαι
436 851 620 892 εἰλέωσιν
646 851 853 903 ὀρινομένη
882 868 925 892 τε
952 850 1153 891 θάλασσα·

336 918 364 931 (κ’

216 919 308 969 ἡμῖν
333 932 352 957 ο
391 919 542 959 εἴνατός
568 920 655 958 ἐστι
682 917 951 970 περιτροπέων
979 917 1152 959 ἐνιαυτὸς
1483 931 1546 963 295

217 984 353 1025 ἐνθάδε
378 985 654 1035 μιμνόντεσσι·
693 988 745 1024 τῶ
772 984 816 1024 οὐ
842 983 1067 1035 νεμεσίζομ’
1093 983 1281 1037 Ἀχαιοὺς

217 1050 430 1104 ἀσχαλάαν
456 1053 559 1102 παρὰ
585 1051 698 1101 νηυσὶ
727 1051 948 1102 κορωνίσιν·
988 1051 1095 1091 ἀλλὰ
1121 1050 1182 1090 καὶ
1206 1050 1331 1101 ἔμπης

217 1118 387 1170 αἰσχρόν
412 1134 471 1157 τοι
497 1118 614 1169 δηρόν
639 1134 681 1158 τε
699 1116 831 1168 μένειν
859 1118 995 1158 κενεόν
1019 1134 1061 1158 τε
1085 1115 1256 1158 νέεσθαι.

218 1187 347 1234 τλῆτε,
377 1185 501 1235 φίλοι,
530 1185 591 1224 καὶ
617 1183 766 1234 μείνατ’
793 1185 857 1225 ἐπὶ
882 1185 1041 1237 χρόνον,
1069 1185 1176 1236 ὄφρα
1199 1185 1354 1234 δαῶμεν

218 1248 240 1300 ἦ
267 1251 375 1290 ἐτεὸν
404 1250 568 1303 Κάλχας
593 1250 838 1301 μαντεύεται,
865 1249 910 1301 ἦε
936 1251 999 1291 καὶ
1024 1251 1120 1291 οὐκί.
1482 1262 1548 1294 300

221 1317 261 1358 εὖ
287 1319 360 1369 γὰρ
387 1316 430 1366 δὴ
457 1318 545 1357 τόδε
570 1319 679 1367 ἴδμεν
706 1318 764 1358 ἐνὶ
789 1318 948 1368 φρεσίν,
974 1318 1068 1358 ἐστὲ
1092 1319 1133 1357 δὲ
1158 1315 1301 1358 πάντες

219 1383 416 1435 μάρτυροι,
444 1383 509 1425 οὓς
534 1383 584 1433 μὴ
612 1386 725 1435 κῆρες
750 1383 850 1434 ἔβαν
875 1382 1060 1424 θανάτοιο
1086 1382 1294 1436 φέρουσαι·

220 1450 335 1503 χθιζά
360 1467 402 1490 τε
427 1451 489 1490 καὶ
514 1449 665 1502 πρωΐζ’,
693 1449 749 1490 ὅτ’
777 1451 816 1492 ἐς
843 1449 993 1490 Αὐλίδα
1017 1452 1107 1499 νῆες
1131 1449 1307 1502 Ἀχαιῶν

220 1515 451 1568 ἠγερέθοντο
477 1519 574 1557 κακὰ
602 1517 766 1572 Πριάμῳ
794 1518 856 1557 καὶ
881 1518 1017 1568 Τρωσὶ
1043 1515 1250 1568 φέρουσαι,

221 1583 330 1634 ἡμεῖς
355 1583 386 1623 δ’
413 1584 513 1634 ἀμφὶ
538 1584 624 1636 περὶ
652 1583 796 1636 κρήνην
822 1583 946 1635 ἱεροὺς
972 1585 1070 1623 κατὰ
1097 1582 1255 1634 βωμοὺς
1483 1595 1544 1626 305

223 1649 381 1702 ἕρδομεν
407 1650 638 1691 ἀθανάτοισι
664 1649 888 1701 τεληέσσας
913 1651 1148 1701 ἑκατόμβας,

223 1722 324 1773 καλῇ
348 1716 422 1757 ὑπὸ
447 1719 717 1772 πλατανίστῳ,
744 1718 834 1758 ὅθεν
858 1715 947 1769 ῥέεν
973 1716 1122 1768 ἀγλαὸν
1147 1717 1262 1768 ὕδωρ·

222 1782 300 1823 ἔνθ’
326 1782 451 1833 ἐφάνη
477 1782 578 1835 μέγα
605 1786 725 1835 σῆμα·
763 1784 914 1835 δράκων
941 1784 1004 1824 ἐπὶ
1029 1787 1134 1824 νῶτα
1159 1782 1361 1835 δαφοινός,

223 1848 477 1901 σμερδαλέος,
505 1851 571 1890 τόν
595 1850 635 1902 ῥ’
662 1850 776 1892 αὐτὸς
800 1850 1020 1901 Ὀλύμπιος
1044 1850 1114 1901 ἧκε
1140 1849 1314 1901 φόωσδε,

222 1919 359 1967 βωμοῦ
383 1915 548 1966 ὑπαΐξας
573 1918 669 1968 πρός
693 1918 741 1969 ῥα
766 1916 1036 1958 πλατάνιστον
1061 1918 1239 1967 ὄρουσεν.
1485 1927 1547 1958 310

223 1983 316 2022 ἔνθα
340 1981 371 2022 δ’
397 1982 495 2023 ἕσαν
521 1987 726 2034 στρουθοῖο
752 1984 929 2029 νεοσσοί,
957 1982 1077 2033 νήπια
1101 1980 1230 2028 τέκνα,

224 2049 296 2102 ὄζῳ
323 2048 383 2089 ἐπ’
408 2049 620 2103 ἀκροτάτῳ,
648 2050 834 2092 πετάλοις
857 2051 1173 2099 ὑποπεπτηῶτες,

223 2115 336 2160 ὀκτώ,
363 2115 460 2166 ἀτὰρ
485 2114 608 2167 μήτηρ
634 2116 749 2167 ἐνάτη
776 2116 836 2167 ἦν,
862 2116 885 2166 ἢ
912 2115 998 2157 τέκε
1023 2114 1152 2156 τέκνα.

491 2181 501 2195 X

224 2180 302 2221 ἔνθ’
326 2181 348 2220 ὅ
372 2197 417 2232 γε
441 2197 529 2222 τους
555 2183 707 2223 ἐλεεινὰ
734 2182 919 2233 κατήσθιε
944 2185 1189 2234 τετριγῶτας·

267 2280 329 2309 293
352 2267 467 2310 ὀιζυγω
482 2265 529 2317 123
603 2272 637 2302 ὅν
654 2271 971 2303 adehioABT:
993 2273 1032 2310 ἥν
1050 2270 1254 2310 bcglmC
1365 2280 1425 2311 297
1447 2271 1550 2312 ἀσχα-

223 2313 303 2345 λάαν
315 2312 525 2353 μιμνόντεσσι
542 2312 621 2343 Zen.
640 2314 703 2347 (sic
718 2314 748 2345 A
764 2326 770 2344 :
794 2316 938 2353 μίμνοντ’
953 2318 1002 2348 ἐπὶ
1017 2315 1128 2353 νήεσσ’
1146 2313 1296 2355 Bekker)
1412 2324 1478 2354 299
1501 2314 1550 2347 ἔτι

223 2355 305 2387 Zen.
431 2365 496 2394 300
518 2356 538 2394 ἢ
555 2355 614 2388 Ar.
628 2356 658 2386 A
671 2356 716 2387 Μ1
733 2357 798 2387 Μ12
810 2357 847 2388 Pl
862 2358 890 2388 T
902 2358 963 2389 U¹o
976 2357 1036 2389 U¹³
1047 2357 1107 2388 V¹2
1124 2369 1131 2389 ε
1159 2359 1186 2390 εἰ
1201 2362 1264 2389 cet.
1392 2366 1457 2397 30²
1472 2356 1550 2399 μάρ-

222 2412 312 2440 τιρες
329 2397 410 2430 Zen.
433 2397 474 2429 L⁸
484 2397 529 2429 V2
542 2397 586 2428 V5
723 2410 786 2440 314
811 2400 991 2441 τιτίζοντας
1009 2401 1089 2432 Zen.

1636 2723 1670 2828 -f-
