<?xml version="1.0" encoding="UTF-8"?>
<!DOCTYPE html PUBLIC "-//W3C//DTD XHTML 1.0 Transitional//EN"
    "http://www.w3.org/TR/xhtml1/DTD/xhtml1-transitional.dtd">
<html xmlns="http://www.w3.org/1999/xhtml" xml:lang="en" lang="en">
 <head>
  <title>
</title>
<meta http-equiv="Content-Type" content="text/html;charset=utf-8" />
  <meta name='ocr-system' content='tesseract 3.04.00' />
  <meta name='ocr-capabilities' content='ocr_page ocr_carea ocr_par ocr_line ocrx_word'/>
</head>
<body>
  <div class='ocr_page' id='page_1' title='image "./operarecognoveru01homeuoft_0078.png"; bbox 0 0 1670 2828; ppageno 0'>
   <div class='ocr_carea' id='block_1_1' title="bbox 651 138 1093 180">
    <p class='ocr_par' dir='ltr' id='par_1_1' title="bbox 651 138 1093 180">
     <span class='ocr_line' id='line_1_1' title="bbox 651 138 1093 180; baseline -0.014 -1"><span class='ocrx_word' id='word_1_1' title='bbox 651 147 685 180; x_wconf 84' lang='grc'>2.</span> <span class='ocrx_word' id='word_1_2' title='bbox 758 138 1014 176; x_wconf 69' lang='grc' dir='ltr'>ΙΛΙΑΔΟΣ</span> <span class='ocrx_word' id='word_1_3' title='bbox 1065 138 1093 173; x_wconf 92' lang='grc' dir='ltr'><em>Β</em></span> 
     </span>
    </p>
   </div>
   <div class='ocr_carea' id='block_1_2' title="bbox 207 238 1542 1428">
    <p class='ocr_par' dir='ltr' id='par_1_2' title="bbox 210 238 1365 288">
     <span class='ocr_line' id='line_1_2' title="bbox 210 238 1365 288; baseline -0.007 -3"><span class='ocrx_word' id='word_1_4' title='bbox 210 247 259 288; x_wconf 82' lang='grc' dir='ltr'>ὣς</span> <span class='ocrx_word' id='word_1_5' title='bbox 287 249 362 285; x_wconf 87' lang='grc' dir='ltr'>τῶι·</span> <span class='ocrx_word' id='word_1_6' title='bbox 388 245 503 286; x_wconf 81' lang='grc' dir='ltr'>ἔθνεα</span> <span class='ocrx_word' id='word_1_7' title='bbox 530 245 663 283; x_wconf 83' lang='grc' dir='ltr'>πολλὰ</span> <span class='ocrx_word' id='word_1_8' title='bbox 688 246 787 283; x_wconf 86' lang='grc' dir='ltr'>νεῶν</span> <span class='ocrx_word' id='word_1_9' title='bbox 813 241 889 281; x_wconf 80' lang='grc' dir='ltr'>ἄπο</span> <span class='ocrx_word' id='word_1_10' title='bbox 918 240 980 279; x_wconf 88' lang='grc' dir='ltr'>καὶ</span> <span class='ocrx_word' id='word_1_11' title='bbox 1007 238 1199 279; x_wconf 89' lang='grc' dir='ltr'>κλισιάων</span> <span class='ocrx_word' id='word_1_12' title='bbox 1363 285 1365 287; x_wconf 14' lang='lat' dir='ltr'>q</span> 
     </span>
    </p>

    <p class='ocr_par' dir='ltr' id='par_1_3' title="bbox 207 304 1534 430">
     <span class='ocr_line' id='line_1_3' title="bbox 207 304 1534 362; baseline -0.008 -9"><span class='ocrx_word' id='word_1_13' title='bbox 207 315 246 355; x_wconf 85' lang='grc' dir='ltr'>ἐς</span> <span class='ocrx_word' id='word_1_14' title='bbox 274 313 407 353; x_wconf 89' lang='grc' dir='ltr'>πεδίον</span> <span class='ocrx_word' id='word_1_15' title='bbox 434 309 650 362; x_wconf 77' lang='grc' dir='ltr'>προχέοντο</span> <span class='ocrx_word' id='word_1_16' title='bbox 677 307 959 359; x_wconf 83' lang='grc' dir='ltr'>Σκαμάνδριον·</span> <span class='ocrx_word' id='word_1_17' title='bbox 999 306 1120 357; x_wconf 80' lang='grc' dir='ltr'>αὐτὰρ</span> <span class='ocrx_word' id='word_1_18' title='bbox 1145 304 1218 346; x_wconf 84' lang='grc' dir='ltr'>ὑπὸ</span> <span class='ocrx_word' id='word_1_19' title='bbox 1245 306 1352 357; x_wconf 89' lang='grc' dir='ltr'>χθὼν</span> <span class='ocrx_word' id='word_1_20' title='bbox 1473 307 1534 348; x_wconf 82' lang='lat'>465</span> 
     </span>
     <span class='ocr_line' id='line_1_4' title="bbox 207 372 1296 430; baseline -0.007 -11"><span class='ocrx_word' id='word_1_21' title='bbox 207 377 455 430; x_wconf 88' lang='grc' dir='ltr'>σμερδαλέον</span> <span class='ocrx_word' id='word_1_22' title='bbox 482 375 665 427; x_wconf 75' lang='grc' dir='ltr'>κονάβιζε</span> <span class='ocrx_word' id='word_1_23' title='bbox 689 378 819 416; x_wconf 82' lang='grc' dir='ltr'>ποδῶν</span> <span class='ocrx_word' id='word_1_24' title='bbox 845 373 971 414; x_wconf 81' lang='grc' dir='ltr'>αὐτῶν</span> <span class='ocrx_word' id='word_1_25' title='bbox 997 389 1039 413; x_wconf 91' lang='grc' dir='ltr'>τε</span> <span class='ocrx_word' id='word_1_26' title='bbox 1067 373 1128 412; x_wconf 87' lang='grc' dir='ltr'>καὶ</span> <span class='ocrx_word' id='word_1_27' title='bbox 1155 372 1296 412; x_wconf 85' lang='grc' dir='ltr'>ἵππων.</span> 
     </span>
    </p>

    <p class='ocr_par' dir='ltr' id='par_1_4' title="bbox 207 439 1182 494">
     <span class='ocr_line' id='line_1_5' title="bbox 207 439 1182 494; baseline -0.008 -8"><span class='ocrx_word' id='word_1_28' title='bbox 207 445 329 486; x_wconf 86' lang='grc' dir='ltr'>ἔσταν</span> <span class='ocrx_word' id='word_1_29' title='bbox 356 444 387 485; x_wconf 86' lang='grc' dir='ltr'>δ’</span> <span class='ocrx_word' id='word_1_30' title='bbox 414 445 455 484; x_wconf 83' lang='grc' dir='ltr'>ἐν</span> <span class='ocrx_word' id='word_1_31' title='bbox 480 446 642 493; x_wconf 79' lang='grc' dir='ltr'>λειμῶνι</span> <span class='ocrx_word' id='word_1_32' title='bbox 669 441 922 494; x_wconf 82' lang='grc' dir='ltr'>Σκαμανδρίῳ</span> <span class='ocrx_word' id='word_1_33' title='bbox 949 439 1182 490; x_wconf 84' lang='grc' dir='ltr'>ἀνθεμόεντι</span> 
     </span>
    </p>

    <p class='ocr_par' dir='ltr' id='par_1_5' title="bbox 208 504 1270 564">
     <span class='ocr_line' id='line_1_6' title="bbox 208 504 1270 564; baseline -0.008 -12"><span class='ocrx_word' id='word_1_34' title='bbox 208 512 348 564; x_wconf 86' lang='grc' dir='ltr'>μυρίοι,</span> <span class='ocrx_word' id='word_1_35' title='bbox 377 511 484 550; x_wconf 86' lang='grc' dir='ltr'>ὅσσα</span> <span class='ocrx_word' id='word_1_36' title='bbox 508 526 551 549; x_wconf 91' lang='grc' dir='ltr'>τε</span> <span class='ocrx_word' id='word_1_37' title='bbox 577 509 714 560; x_wconf 87' lang='grc' dir='ltr'>φύλλα</span> <span class='ocrx_word' id='word_1_38' title='bbox 741 508 802 547; x_wconf 87' lang='grc' dir='ltr'>καὶ</span> <span class='ocrx_word' id='word_1_39' title='bbox 828 506 949 547; x_wconf 78' lang='grc' dir='ltr'>ἄνθεα</span> <span class='ocrx_word' id='word_1_40' title='bbox 974 507 1154 558; x_wconf 89' lang='grc' dir='ltr'>γίγνεται</span> <span class='ocrx_word' id='word_1_41' title='bbox 1178 504 1270 560; x_wconf 84' lang='grc' dir='ltr'>ὥρῃ.</span> 
     </span>
    </p>

    <p class='ocr_par' dir='ltr' id='par_1_6' title="bbox 209 570 1539 897">
     <span class='ocr_line' id='line_1_7' title="bbox 276 570 1076 627; baseline -0.008 -9"><span class='ocrx_word' id='word_1_42' title='bbox 276 577 399 618; x_wconf 77' lang='grc' dir='ltr'>Ἠΰτε</span> <span class='ocrx_word' id='word_1_43' title='bbox 423 575 571 627; x_wconf 88' lang='grc' dir='ltr'>μυιάων</span> <span class='ocrx_word' id='word_1_44' title='bbox 598 573 765 616; x_wconf 84' lang='grc' dir='ltr'>ἁδινάων</span> <span class='ocrx_word' id='word_1_45' title='bbox 791 573 906 614; x_wconf 86' lang='grc' dir='ltr'>ἔθνεα</span> <span class='ocrx_word' id='word_1_46' title='bbox 932 570 1076 618; x_wconf 86' lang='grc' dir='ltr'>πολλά,</span> 
     </span>
     <span class='ocr_line' id='line_1_8' title="bbox 210 639 1539 693; baseline -0.01 -8"><span class='ocrx_word' id='word_1_47' title='bbox 210 645 253 685; x_wconf 90' lang='grc' dir='ltr'>αἵ</span> <span class='ocrx_word' id='word_1_48' title='bbox 275 661 317 685; x_wconf 91' lang='grc' dir='ltr'>τε</span> <span class='ocrx_word' id='word_1_49' title='bbox 343 645 438 684; x_wconf 77' lang='grc' dir='ltr'>κατὰ</span> <span class='ocrx_word' id='word_1_50' title='bbox 464 641 640 693; x_wconf 85' lang='grc' dir='ltr'>σταθμὸν</span> <span class='ocrx_word' id='word_1_51' title='bbox 666 639 873 692; x_wconf 83' lang='grc' dir='ltr'>ποιμνήϊον</span> <span class='ocrx_word' id='word_1_52' title='bbox 897 639 1144 690; x_wconf 86' lang='grc' dir='ltr'>ἠλάσκουσιν</span> <span class='ocrx_word' id='word_1_53' title='bbox 1476 649 1539 680; x_wconf 81' lang='lat'>470</span> 
     </span>
     <span class='ocr_line' id='line_1_9' title="bbox 209 705 1166 767; baseline -0.006 -16"><span class='ocrx_word' id='word_1_54' title='bbox 209 712 288 767; x_wconf 83' lang='grc' dir='ltr'>ὥρῃ</span> <span class='ocrx_word' id='word_1_55' title='bbox 314 712 355 750; x_wconf 90' lang='grc' dir='ltr'>ἐν</span> <span class='ocrx_word' id='word_1_56' title='bbox 381 711 541 765; x_wconf 80' lang='grc' dir='ltr'>εἰαρινῇ,</span> <span class='ocrx_word' id='word_1_57' title='bbox 569 709 634 748; x_wconf 88' lang='grc' dir='ltr'>ὅτε</span> <span class='ocrx_word' id='word_1_58' title='bbox 659 725 701 748; x_wconf 92' lang='grc' dir='ltr'>τε</span> <span class='ocrx_word' id='word_1_59' title='bbox 727 705 876 759; x_wconf 80' lang='grc' dir='ltr'>γλάγος</span> <span class='ocrx_word' id='word_1_60' title='bbox 902 706 1027 758; x_wconf 83' lang='grc' dir='ltr'>ἄγγεα</span> <span class='ocrx_word' id='word_1_61' title='bbox 1053 705 1166 750; x_wconf 82' lang='grc' dir='ltr'>δεύει,</span> 
     </span>
     <span class='ocr_line' id='line_1_10' title="bbox 210 772 1198 827; baseline -0.007 -9"><span class='ocrx_word' id='word_1_62' title='bbox 210 778 352 818; x_wconf 85' lang='grc' dir='ltr'>τόσσοι</span> <span class='ocrx_word' id='word_1_63' title='bbox 377 776 440 816; x_wconf 85' lang='grc' dir='ltr'>ἐπὶ</span> <span class='ocrx_word' id='word_1_64' title='bbox 464 775 652 827; x_wconf 81' lang='grc' dir='ltr'>Τρώεσσι</span> <span class='ocrx_word' id='word_1_65' title='bbox 679 773 772 826; x_wconf 90' lang='grc' dir='ltr'>κάρη</span> <span class='ocrx_word' id='word_1_66' title='bbox 803 774 1016 824; x_wconf 88' lang='grc' dir='ltr'>κομόωντες</span> <span class='ocrx_word' id='word_1_67' title='bbox 1042 772 1198 825; x_wconf 86' lang='grc' dir='ltr'>Ἀχαιοὶ</span> 
     </span>
     <span class='ocr_line' id='line_1_11' title="bbox 210 843 1063 897; baseline -0.008 -12"><span class='ocrx_word' id='word_1_68' title='bbox 210 846 253 885; x_wconf 86' lang='grc' dir='ltr'>ἐν</span> <span class='ocrx_word' id='word_1_69' title='bbox 278 844 395 897; x_wconf 90' lang='grc' dir='ltr'>πεδίῳ</span> <span class='ocrx_word' id='word_1_70' title='bbox 422 843 584 883; x_wconf 81' lang='grc' dir='ltr'>ἵσταντο</span> <span class='ocrx_word' id='word_1_71' title='bbox 610 844 833 894; x_wconf 85' lang='grc' dir='ltr'>διαρραῖσαι</span> <span class='ocrx_word' id='word_1_72' title='bbox 851 843 1063 891; x_wconf 81' lang='grc' dir='ltr'>μεμαῶτες.</span> 
     </span>
    </p>

    <p class='ocr_par' dir='ltr' id='par_1_7' title="bbox 211 903 1540 1227">
     <span class='ocr_line' id='line_1_12' title="bbox 277 903 1440 957; baseline -0.002 -8"><span class='ocrx_word' id='word_1_73' title='bbox 277 909 379 952; x_wconf 83' lang='grc' dir='ltr'>Τοὺς</span> <span class='ocrx_word' id='word_1_74' title='bbox 405 909 449 955; x_wconf 86' lang='grc' dir='ltr'>δ’,</span> <span class='ocrx_word' id='word_1_75' title='bbox 477 909 528 951; x_wconf 84' lang='grc' dir='ltr'>ὥς</span> <span class='ocrx_word' id='word_1_76' title='bbox 553 908 585 947; x_wconf 86' lang='grc' dir='ltr'>τ’</span> <span class='ocrx_word' id='word_1_77' title='bbox 614 908 777 948; x_wconf 82' lang='grc' dir='ltr'>αἰπόλια</span> <span class='ocrx_word' id='word_1_78' title='bbox 802 906 944 947; x_wconf 85' lang='grc' dir='ltr'>πλατέ’</span> <span class='ocrx_word' id='word_1_79' title='bbox 971 907 1093 957; x_wconf 82' lang='grc' dir='ltr'>αἰγῶν</span> <span class='ocrx_word' id='word_1_80' title='bbox 1121 905 1281 946; x_wconf 83' lang='grc' dir='ltr'>αἰπόλοι</span> <span class='ocrx_word' id='word_1_81' title='bbox 1305 903 1440 957; x_wconf 78' lang='grc' dir='ltr'>ἄνδρες</span> 
     </span>
     <span class='ocr_line' id='line_1_13' title="bbox 211 971 1540 1029; baseline -0.005 -11"><span class='ocrx_word' id='word_1_82' title='bbox 211 978 296 1029; x_wconf 83' lang='grc' dir='ltr'>ῥεῖα</span> <span class='ocrx_word' id='word_1_83' title='bbox 320 977 585 1027; x_wconf 81' lang='grc' dir='ltr'>διακρίνωσιν,</span> <span class='ocrx_word' id='word_1_84' title='bbox 614 976 701 1015; x_wconf 84' lang='grc' dir='ltr'>ἐπεί</span> <span class='ocrx_word' id='word_1_85' title='bbox 726 991 765 1015; x_wconf 95' lang='grc' dir='ltr'>κε</span> <span class='ocrx_word' id='word_1_86' title='bbox 791 977 894 1028; x_wconf 79' lang='grc' dir='ltr'>νομῷ</span> <span class='ocrx_word' id='word_1_87' title='bbox 921 971 1125 1025; x_wconf 84' lang='grc' dir='ltr'>μιγέωσιν,</span> <span class='ocrx_word' id='word_1_88' title='bbox 1477 982 1540 1014; x_wconf 77' lang='grc'>475</span> 
     </span>
     <span class='ocr_line' id='line_1_14' title="bbox 214 1039 1179 1094; baseline -0.005 -11"><span class='ocrx_word' id='word_1_89' title='bbox 214 1044 263 1085; x_wconf 83' lang='grc' dir='ltr'>ὣς</span> <span class='ocrx_word' id='word_1_90' title='bbox 287 1043 375 1085; x_wconf 79' lang='grc' dir='ltr'>τοὺς</span> <span class='ocrx_word' id='word_1_91' title='bbox 402 1042 590 1094; x_wconf 85' lang='grc' dir='ltr'>ἡγεμόνες</span> <span class='ocrx_word' id='word_1_92' title='bbox 615 1042 848 1091; x_wconf 88' lang='grc' dir='ltr'>διεκόσμεον</span> <span class='ocrx_word' id='word_1_93' title='bbox 874 1040 968 1080; x_wconf 84' lang='grc' dir='ltr'>ἔνθα</span> <span class='ocrx_word' id='word_1_94' title='bbox 996 1040 1058 1080; x_wconf 87' lang='grc' dir='ltr'>καὶ</span> <span class='ocrx_word' id='word_1_95' title='bbox 1085 1039 1179 1079; x_wconf 89' lang='grc' dir='ltr'>ἔνθα</span> 
     </span>
     <span class='ocr_line' id='line_1_15' title="bbox 214 1105 1211 1160; baseline -0.005 -10"><span class='ocrx_word' id='word_1_96' title='bbox 214 1108 416 1160; x_wconf 83' lang='grc' dir='ltr'>ὑσμίνηνδ’</span> <span class='ocrx_word' id='word_1_97' title='bbox 447 1107 557 1154; x_wconf 81' lang='grc' dir='ltr'>ἱέναι,</span> <span class='ocrx_word' id='word_1_98' title='bbox 586 1109 682 1158; x_wconf 75' lang='grc' dir='ltr'>μετὰ</span> <span class='ocrx_word' id='word_1_99' title='bbox 708 1110 749 1148; x_wconf 76' lang='grc' dir='ltr'>δὲ</span> <span class='ocrx_word' id='word_1_100' title='bbox 775 1108 913 1159; x_wconf 87' lang='grc' dir='ltr'>κρείων</span> <span class='ocrx_word' id='word_1_101' title='bbox 938 1105 1211 1157; x_wconf 47' lang='grc' dir='ltr'>ἰ-Χγαμέμνων,</span> 
     </span>
     <span class='ocr_line' id='line_1_16' title="bbox 215 1172 1238 1227; baseline -0.005 -11"><span class='ocrx_word' id='word_1_102' title='bbox 215 1178 369 1227; x_wconf 80' lang='grc' dir='ltr'>ὄμματα</span> <span class='ocrx_word' id='word_1_103' title='bbox 397 1176 457 1215; x_wconf 90' lang='grc' dir='ltr'>καὶ</span> <span class='ocrx_word' id='word_1_104' title='bbox 484 1175 662 1226; x_wconf 74' lang='grc' dir='ltr'>κεφαλὴν</span> <span class='ocrx_word' id='word_1_105' title='bbox 687 1176 817 1216; x_wconf 84' lang='grc' dir='ltr'>ἴκελος</span> <span class='ocrx_word' id='word_1_106' title='bbox 847 1173 913 1213; x_wconf 85' lang='grc' dir='ltr'>Διὶ</span> <span class='ocrx_word' id='word_1_107' title='bbox 938 1172 1238 1226; x_wconf 79' lang='grc' dir='ltr'>τερπικεραύνῳ,</span> 
     </span>
    </p>

    <p class='ocr_par' dir='ltr' id='par_1_8' title="bbox 213 1239 1542 1428">
     <span class='ocr_line' id='line_1_17' title="bbox 213 1239 1103 1295; baseline -0.006 -12"><span class='ocrx_word' id='word_1_108' title='bbox 213 1243 324 1295; x_wconf 75' lang='grc' dir='ltr'>Ἄρεϊ</span> <span class='ocrx_word' id='word_1_109' title='bbox 349 1244 389 1282; x_wconf 80' lang='grc' dir='ltr'>δὲ</span> <span class='ocrx_word' id='word_1_110' title='bbox 418 1242 553 1291; x_wconf 74' lang='grc' dir='ltr'>ζώνην,</span> <span class='ocrx_word' id='word_1_111' title='bbox 582 1240 747 1292; x_wconf 85' lang='grc' dir='ltr'>στέρνον</span> <span class='ocrx_word' id='word_1_112' title='bbox 773 1243 812 1280; x_wconf 80' lang='grc' dir='ltr'>δὲ</span> <span class='ocrx_word' id='word_1_113' title='bbox 841 1239 1103 1280; x_wconf 85' lang='grc' dir='ltr'>Ποσειδάωνι.</span> 
     </span>
     <span class='ocr_line' id='line_1_18' title="bbox 216 1303 1542 1360; baseline -0.006 -10"><span class='ocrx_word' id='word_1_114' title='bbox 216 1309 305 1359; x_wconf 73' lang='grc' dir='ltr'>ἠΰτε</span> <span class='ocrx_word' id='word_1_115' title='bbox 330 1312 428 1359; x_wconf 73' lang='grc' dir='ltr'>βοῦς</span> <span class='ocrx_word' id='word_1_116' title='bbox 454 1307 629 1360; x_wconf 81' lang='grc' dir='ltr'>ἀγέληφι</span> <span class='ocrx_word' id='word_1_117' title='bbox 654 1307 741 1358; x_wconf 78' lang='grc' dir='ltr'>μέγ’</span> <span class='ocrx_word' id='word_1_118' title='bbox 767 1305 905 1358; x_wconf 80' lang='grc' dir='ltr'>ἔξοχος</span> <span class='ocrx_word' id='word_1_119' title='bbox 932 1307 1076 1346; x_wconf 85' lang='grc' dir='ltr'>ἔπλετο</span> <span class='ocrx_word' id='word_1_120' title='bbox 1102 1303 1258 1345; x_wconf 86' lang='grc' dir='ltr'>πάντων</span> <span class='ocrx_word' id='word_1_121' title='bbox 1479 1308 1542 1348; x_wconf 82' lang='lat'>480</span> 
     </span>
     <span class='ocr_line' id='line_1_19' title="bbox 215 1371 1308 1428; baseline -0.004 -13"><span class='ocrx_word' id='word_1_122' title='bbox 215 1379 367 1427; x_wconf 77' lang='grc' dir='ltr'>ταῦρος·</span> <span class='ocrx_word' id='word_1_123' title='bbox 407 1376 426 1414; x_wconf 83' lang='grc' dir='ltr'><em>ὁ</em></span> <span class='ocrx_word' id='word_1_124' title='bbox 451 1373 525 1427; x_wconf 86' lang='grc' dir='ltr'>γάρ</span> <span class='ocrx_word' id='word_1_125' title='bbox 549 1392 589 1414; x_wconf 91' lang='grc' dir='ltr'>τε</span> <span class='ocrx_word' id='word_1_126' title='bbox 616 1375 765 1425; x_wconf 74' lang='grc' dir='ltr'>βόεσσι</span> <span class='ocrx_word' id='word_1_127' title='bbox 790 1372 1029 1424; x_wconf 87' lang='grc' dir='ltr'>μεταπρέπει</span> <span class='ocrx_word' id='word_1_128' title='bbox 1054 1371 1308 1428; x_wconf 82' lang='grc' dir='ltr'>ἀγρομένῃσι·</span> 
     </span>
    </p>
   </div>
   <div class='ocr_carea' id='block_1_3' title="bbox 353 1441 440 1455">
    <p class='ocr_par' dir='ltr' id='par_1_9' title="bbox 353 1441 440 1455">
     <span class='ocr_line' id='line_1_20' title="bbox 353 1441 440 1455; baseline 0 0"><span class='ocrx_word' id='word_1_129' title='bbox 353 1441 440 1455; x_wconf 65' lang='lat'>2155</span> 
     </span>
    </p>
   </div>
   <div class='ocr_carea' id='block_1_4' title="bbox 216 1439 1547 2415">
    <p class='ocr_par' dir='ltr' id='par_1_10' title="bbox 216 1439 1176 1561">
     <span class='ocr_line' id='line_1_21' title="bbox 216 1439 1172 1494; baseline -0.003 -13"><span class='ocrx_word' id='word_1_130' title='bbox 216 1447 323 1483; x_wconf 86' lang='grc' dir='ltr'>τοῖον</span> <span class='ocrx_word' id='word_1_131' title='bbox 347 1459 394 1494; x_wconf 92' lang='grc' dir='ltr'>αρ</span> <span class='ocrx_word' id='word_1_132' title='bbox 447 1441 635 1492; x_wconf 71' lang='grc' dir='ltr'>Ατρεΐδην</span> <span class='ocrx_word' id='word_1_133' title='bbox 662 1443 753 1490; x_wconf 84' lang='grc' dir='ltr'>θῆκε</span> <span class='ocrx_word' id='word_1_134' title='bbox 783 1440 880 1481; x_wconf 82' lang='grc' dir='ltr'>Ζεὺς</span> <span class='ocrx_word' id='word_1_135' title='bbox 905 1439 1023 1489; x_wconf 82' lang='grc' dir='ltr'>ἤματι</span> <span class='ocrx_word' id='word_1_136' title='bbox 1050 1439 1172 1493; x_wconf 82' lang='grc' dir='ltr'>κείνῳ,</span> 
     </span>
     <span class='ocr_line' id='line_1_22' title="bbox 218 1504 1176 1561; baseline -0.004 -12"><span class='ocrx_word' id='word_1_137' title='bbox 218 1508 397 1561; x_wconf 84' lang='grc' dir='ltr'>ἐκπρεπέ’</span> <span class='ocrx_word' id='word_1_138' title='bbox 424 1509 466 1548; x_wconf 83' lang='grc' dir='ltr'>ἐν</span> <span class='ocrx_word' id='word_1_139' title='bbox 492 1511 684 1548; x_wconf 86' lang='grc' dir='ltr'>πολλοῖσι</span> <span class='ocrx_word' id='word_1_140' title='bbox 709 1507 771 1546; x_wconf 88' lang='grc' dir='ltr'>καὶ</span> <span class='ocrx_word' id='word_1_141' title='bbox 797 1504 938 1558; x_wconf 76' lang='grc' dir='ltr'>ἔξοχον</span> <span class='ocrx_word' id='word_1_142' title='bbox 964 1506 1176 1557; x_wconf 86' lang='grc' dir='ltr'>ἡρώεσσιν.</span> 
     </span>
    </p>

    <p class='ocr_par' dir='ltr' id='par_1_11' title="bbox 219 1571 1546 2227">
     <span class='ocr_line' id='line_1_23' title="bbox 279 1571 1494 1625; baseline -0.002 -10"><span class='ocrx_word' id='word_1_143' title='bbox 279 1574 457 1615; x_wconf 73' lang='grc' dir='ltr'>’Έσπετε</span> <span class='ocrx_word' id='word_1_144' title='bbox 483 1578 551 1615; x_wconf 76' lang='grc' dir='ltr'>νῦν</span> <span class='ocrx_word' id='word_1_145' title='bbox 576 1592 654 1625; x_wconf 89' lang='grc' dir='ltr'>μοι,</span> <span class='ocrx_word' id='word_1_146' title='bbox 684 1577 847 1613; x_wconf 75' lang='grc' dir='ltr'>Μοῦσαι</span> <span class='ocrx_word' id='word_1_147' title='bbox 871 1572 1074 1624; x_wconf 81' lang='grc' dir='ltr'>Ὀλύμπια</span> <span class='ocrx_word' id='word_1_148' title='bbox 1098 1571 1242 1622; x_wconf 82' lang='grc' dir='ltr'>δώματ’</span> <span class='ocrx_word' id='word_1_149' title='bbox 1267 1572 1494 1625; x_wconf 72' lang='grc' dir='ltr'>ἔχουσαι-</span> 
     </span>
     <span class='ocr_line' id='line_1_24' title="bbox 219 1637 1543 1694; baseline -0.003 -12"><span class='ocrx_word' id='word_1_150' title='bbox 219 1644 326 1693; x_wconf 80' lang='grc' dir='ltr'>ὑμεῖς</span> <span class='ocrx_word' id='word_1_151' title='bbox 351 1643 425 1694; x_wconf 77' lang='grc' dir='ltr'>γὰρ</span> <span class='ocrx_word' id='word_1_152' title='bbox 452 1642 539 1682; x_wconf 87' lang='grc' dir='ltr'>θεαί</span> <span class='ocrx_word' id='word_1_153' title='bbox 563 1643 666 1687; x_wconf 84' lang='grc' dir='ltr'>ἐστε,</span> <span class='ocrx_word' id='word_1_154' title='bbox 694 1637 869 1692; x_wconf 90' lang='grc' dir='ltr'>πάρεστέ</span> <span class='ocrx_word' id='word_1_155' title='bbox 894 1656 948 1685; x_wconf 89' lang='grc' dir='ltr'>τε,</span> <span class='ocrx_word' id='word_1_156' title='bbox 976 1638 1065 1680; x_wconf 86' lang='grc' dir='ltr'>ἴστέ</span> <span class='ocrx_word' id='word_1_157' title='bbox 1089 1656 1131 1679; x_wconf 91' lang='grc' dir='ltr'>τε</span> <span class='ocrx_word' id='word_1_158' title='bbox 1155 1637 1294 1685; x_wconf 88' lang='grc' dir='ltr'>πάντα,</span> <span class='ocrx_word' id='word_1_159' title='bbox 1480 1643 1543 1683; x_wconf 82' lang='grc'>485</span> 
     </span>
     <span class='ocr_line' id='line_1_25' title="bbox 220 1706 1230 1759; baseline -0.002 -11"><span class='ocrx_word' id='word_1_160' title='bbox 220 1709 329 1759; x_wconf 85' lang='grc' dir='ltr'>ἡμεῖς</span> <span class='ocrx_word' id='word_1_161' title='bbox 356 1711 396 1749; x_wconf 82' lang='grc' dir='ltr'>δὲ</span> <span class='ocrx_word' id='word_1_162' title='bbox 424 1708 537 1750; x_wconf 85' lang='grc' dir='ltr'>κλέος</span> <span class='ocrx_word' id='word_1_163' title='bbox 562 1707 645 1748; x_wconf 80' lang='grc' dir='ltr'>οῖον</span> <span class='ocrx_word' id='word_1_164' title='bbox 671 1707 862 1758; x_wconf 83' lang='grc' dir='ltr'>ἀκούομεν</span> <span class='ocrx_word' id='word_1_165' title='bbox 887 1706 976 1747; x_wconf 85' lang='grc' dir='ltr'>οὐδέ</span> <span class='ocrx_word' id='word_1_166' title='bbox 1000 1723 1038 1746; x_wconf 94' lang='grc' dir='ltr'>τι</span> <span class='ocrx_word' id='word_1_167' title='bbox 1060 1708 1230 1757; x_wconf 84' lang='grc' dir='ltr'>ἴδμεν-</span> 
     </span>
     <span class='ocr_line' id='line_1_26' title="bbox 220 1772 1222 1827; baseline -0.001 -12"><span class='ocrx_word' id='word_1_168' title='bbox 220 1776 259 1815; x_wconf 87' lang='grc' dir='ltr'>οἵ</span> <span class='ocrx_word' id='word_1_169' title='bbox 279 1792 383 1818; x_wconf 86' lang='grc' dir='ltr'>τινες</span> <span class='ocrx_word' id='word_1_170' title='bbox 407 1776 598 1827; x_wconf 82' lang='grc' dir='ltr'>ἡγεμόνες</span> <span class='ocrx_word' id='word_1_171' title='bbox 625 1777 795 1814; x_wconf 83' lang='grc' dir='ltr'>Δαναῶν</span> <span class='ocrx_word' id='word_1_172' title='bbox 822 1774 884 1814; x_wconf 90' lang='grc' dir='ltr'>καὶ</span> <span class='ocrx_word' id='word_1_173' title='bbox 909 1774 1081 1825; x_wconf 89' lang='grc' dir='ltr'>κοίρανοι</span> <span class='ocrx_word' id='word_1_174' title='bbox 1106 1772 1222 1823; x_wconf 82' lang='grc' dir='ltr'>ἦσαν·</span> 
     </span>
     <span class='ocr_line' id='line_1_27' title="bbox 220 1839 1275 1893; baseline -0.001 -11"><span class='ocrx_word' id='word_1_175' title='bbox 220 1842 373 1892; x_wconf 85' lang='grc' dir='ltr'>πληθὺν</span> <span class='ocrx_word' id='word_1_176' title='bbox 398 1841 429 1881; x_wconf 87' lang='grc' dir='ltr'>δ’</span> <span class='ocrx_word' id='word_1_177' title='bbox 455 1842 522 1882; x_wconf 81' lang='grc' dir='ltr'>οὐκ</span> <span class='ocrx_word' id='word_1_178' title='bbox 552 1841 599 1882; x_wconf 81' lang='grc' dir='ltr'>ἂν</span> <span class='ocrx_word' id='word_1_179' title='bbox 627 1842 704 1893; x_wconf 84' lang='grc' dir='ltr'>ἐγὼ</span> <span class='ocrx_word' id='word_1_180' title='bbox 728 1840 955 1892; x_wconf 86' lang='grc' dir='ltr'>μυθήσομαι</span> <span class='ocrx_word' id='word_1_181' title='bbox 979 1839 1058 1880; x_wconf 83' lang='grc' dir='ltr'>οὐδ’</span> <span class='ocrx_word' id='word_1_182' title='bbox 1085 1839 1275 1890; x_wconf 84' lang='grc' dir='ltr'>ὀνομήνω,</span> 
     </span>
     <span class='ocr_line' id='line_1_28' title="bbox 221 1906 1384 1960; baseline 0 -12"><span class='ocrx_word' id='word_1_183' title='bbox 221 1908 298 1948; x_wconf 81' lang='grc' dir='ltr'>οὐδ’</span> <span class='ocrx_word' id='word_1_184' title='bbox 327 1910 363 1949; x_wconf 84' lang='grc' dir='ltr'>εἴ</span> <span class='ocrx_word' id='word_1_185' title='bbox 383 1925 450 1959; x_wconf 92' lang='grc' dir='ltr'>μοι</span> <span class='ocrx_word' id='word_1_186' title='bbox 475 1907 568 1948; x_wconf 88' lang='grc' dir='ltr'>δέκα</span> <span class='ocrx_word' id='word_1_187' title='bbox 591 1910 664 1958; x_wconf 81' lang='grc' dir='ltr'>μὲν</span> <span class='ocrx_word' id='word_1_188' title='bbox 688 1911 888 1960; x_wconf 89' lang='grc' dir='ltr'>γλῶσσαι,</span> <span class='ocrx_word' id='word_1_189' title='bbox 917 1907 1011 1948; x_wconf 88' lang='grc' dir='ltr'>δέκα</span> <span class='ocrx_word' id='word_1_190' title='bbox 1035 1909 1076 1947; x_wconf 85' lang='grc' dir='ltr'>δὲ</span> <span class='ocrx_word' id='word_1_191' title='bbox 1102 1906 1267 1958; x_wconf 83' lang='grc' dir='ltr'>στόματ’</span> <span class='ocrx_word' id='word_1_192' title='bbox 1293 1906 1384 1954; x_wconf 74' lang='grc' dir='ltr'>εἶεν,</span> 
     </span>
     <span class='ocr_line' id='line_1_29' title="bbox 223 1972 1546 2027; baseline 0.001 -12"><span class='ocrx_word' id='word_1_193' title='bbox 223 1974 335 2027; x_wconf 80' lang='grc' dir='ltr'>φωνὴ</span> <span class='ocrx_word' id='word_1_194' title='bbox 361 1974 392 2015; x_wconf 88' lang='grc' dir='ltr'>δ’</span> <span class='ocrx_word' id='word_1_195' title='bbox 423 1974 621 2027; x_wconf 78' lang='grc' dir='ltr'>ἄρρηκτος,</span> <span class='ocrx_word' id='word_1_196' title='bbox 650 1972 822 2027; x_wconf 76' lang='grc' dir='ltr'>χάλκεον</span> <span class='ocrx_word' id='word_1_197' title='bbox 849 1973 892 2015; x_wconf 88' lang='grc' dir='ltr'>δέ</span> <span class='ocrx_word' id='word_1_198' title='bbox 913 1990 980 2024; x_wconf 92' lang='grc' dir='ltr'>μοι</span> <span class='ocrx_word' id='word_1_199' title='bbox 1004 1972 1099 2026; x_wconf 81' lang='grc' dir='ltr'>ἦτορ</span> <span class='ocrx_word' id='word_1_200' title='bbox 1124 1974 1241 2024; x_wconf 79' lang='grc' dir='ltr'>ἐνείη,</span> <span class='ocrx_word' id='word_1_201' title='bbox 1481 1986 1546 2017; x_wconf 82' lang='grc'>490</span> 
     </span>
     <span class='ocr_line' id='line_1_30' title="bbox 224 2039 1171 2092; baseline -0.001 -11"><span class='ocrx_word' id='word_1_202' title='bbox 224 2043 256 2081; x_wconf 83' lang='grc' dir='ltr'>εἰ</span> <span class='ocrx_word' id='word_1_203' title='bbox 281 2041 332 2091; x_wconf 81' lang='grc' dir='ltr'>μὴ</span> <span class='ocrx_word' id='word_1_204' title='bbox 357 2039 624 2091; x_wconf 84' lang='grc' dir='ltr'>Ὀλυμπιάδες</span> <span class='ocrx_word' id='word_1_205' title='bbox 651 2044 826 2087; x_wconf 78' lang='grc' dir='ltr'>Μοῦσαι,</span> <span class='ocrx_word' id='word_1_206' title='bbox 855 2040 951 2082; x_wconf 82' lang='grc' dir='ltr'>Διὸς</span> <span class='ocrx_word' id='word_1_207' title='bbox 976 2040 1171 2092; x_wconf 85' lang='grc' dir='ltr'>αἰγιόχοιο</span> 
     </span>
     <span class='ocr_line' id='line_1_31' title="bbox 226 2106 1208 2160; baseline -0.001 -13"><span class='ocrx_word' id='word_1_208' title='bbox 226 2107 446 2160; x_wconf 75' lang='grc' dir='ltr'>θυγατέρες,</span> <span class='ocrx_word' id='word_1_209' title='bbox 473 2107 686 2158; x_wconf 86' lang='grc' dir='ltr'>μνησαίαθ’</span> <span class='ocrx_word' id='word_1_210' title='bbox 712 2109 801 2147; x_wconf 84' lang='grc' dir='ltr'>ὅσοι</span> <span class='ocrx_word' id='word_1_211' title='bbox 826 2107 901 2147; x_wconf 83' lang='grc' dir='ltr'>ὑπὸ</span> <span class='ocrx_word' id='word_1_212' title='bbox 920 2107 1045 2147; x_wconf 82' lang='grc' dir='ltr'>Ἴλιον</span> <span class='ocrx_word' id='word_1_213' title='bbox 1071 2106 1208 2157; x_wconf 82' lang='grc' dir='ltr'>ἦλθον·</span> 
     </span>
     <span class='ocr_line' id='line_1_32' title="bbox 225 2172 1120 2227; baseline -0.002 -13"><span class='ocrx_word' id='word_1_214' title='bbox 225 2175 369 2227; x_wconf 82' lang='grc' dir='ltr'>ἀρχοὺς</span> <span class='ocrx_word' id='word_1_215' title='bbox 394 2174 440 2214; x_wconf 74' lang='grc' dir='ltr'>αὖ</span> <span class='ocrx_word' id='word_1_216' title='bbox 466 2178 568 2224; x_wconf 85' lang='grc' dir='ltr'>νηῶν</span> <span class='ocrx_word' id='word_1_217' title='bbox 596 2174 690 2226; x_wconf 85' lang='grc' dir='ltr'>ἐρέω</span> <span class='ocrx_word' id='word_1_218' title='bbox 715 2173 811 2224; x_wconf 85' lang='grc' dir='ltr'>νῆάς</span> <span class='ocrx_word' id='word_1_219' title='bbox 834 2191 877 2215; x_wconf 88' lang='grc' dir='ltr'>τε</span> <span class='ocrx_word' id='word_1_220' title='bbox 901 2172 1120 2225; x_wconf 84' lang='grc' dir='ltr'>προπάσας.</span> 
     </span>
    </p>

    <p class='ocr_par' dir='ltr' id='par_1_12' title="bbox 293 2239 1215 2292">
     <span class='ocr_line' id='line_1_33' title="bbox 293 2239 1215 2292; baseline -0.001 -12"><span class='ocrx_word' id='word_1_221' title='bbox 293 2244 471 2281; x_wconf 85' lang='grc' dir='ltr'>Βοιωτῶν</span> <span class='ocrx_word' id='word_1_222' title='bbox 496 2244 567 2291; x_wconf 79' lang='grc' dir='ltr'>μὲν</span> <span class='ocrx_word' id='word_1_223' title='bbox 594 2241 808 2291; x_wconf 83' lang='grc' dir='ltr'>Πηνέλεως</span> <span class='ocrx_word' id='word_1_224' title='bbox 834 2242 897 2281; x_wconf 80' lang='grc' dir='ltr'>καὶ</span> <span class='ocrx_word' id='word_1_225' title='bbox 921 2239 1068 2290; x_wconf 77' lang='grc' dir='ltr'>Λήϊτος</span> <span class='ocrx_word' id='word_1_226' title='bbox 1093 2239 1215 2292; x_wconf 80' lang='grc' dir='ltr'>ἦρχον</span> 
     </span>
    </p>

    <p class='ocr_par' dir='ltr' id='par_1_13' title="bbox 227 2330 1547 2415">
     <span class='ocr_line' id='line_1_34' title="bbox 268 2330 1547 2373; baseline 0.001 -11"><span class='ocrx_word' id='word_1_227' title='bbox 268 2333 330 2369; x_wconf 87' lang='lat'>468</span> <span class='ocrx_word' id='word_1_228' title='bbox 347 2331 396 2373; x_wconf 77' lang='grc' dir='ltr'>ἦρι</span> <span class='ocrx_word' id='word_1_229' title='bbox 413 2345 463 2373; x_wconf 80' lang='grc' dir='ltr'>γρ.</span> <span class='ocrx_word' id='word_1_230' title='bbox 484 2332 534 2362; x_wconf 67' lang='lat' dir='ltr'>W</span> <span class='ocrx_word' id='word_1_231' title='bbox 641 2343 707 2364; x_wconf 62' lang='grc' dir='ltr'>γεῖς.</span> <span class='ocrx_word' id='word_1_232' title='bbox 726 2334 876 2373; x_wconf 75' lang='lat'><strong>484-493</strong></span> <span class='ocrx_word' id='word_1_233' title='bbox 901 2332 1033 2362; x_wconf 79' lang='lat' dir='ltr'><strong>diverse</strong></span> <span class='ocrx_word' id='word_1_234' title='bbox 1046 2330 1195 2361; x_wconf 78' lang='lat' dir='ltr'>ordinari</span> <span class='ocrx_word' id='word_1_235' title='bbox 1214 2330 1336 2361; x_wconf 78' lang='lat' dir='ltr'>litteris</span> <span class='ocrx_word' id='word_1_236' title='bbox 1353 2331 1417 2362; x_wconf 91' lang='lat' dir='ltr'><strong>iub.</strong></span> <span class='ocrx_word' id='word_1_237' title='bbox 1431 2335 1454 2362; x_wconf 85' lang='lat' dir='ltr'>b</span> <span class='ocrx_word' id='word_1_238' title='bbox 1469 2331 1495 2362; x_wconf 94' lang='lat' dir='ltr'>B</span> <span class='ocrx_word' id='word_1_239' title='bbox 1510 2331 1547 2362; x_wconf 84' lang='lat' dir='ltr'>L¹</span> 
     </span>
     <span class='ocr_line' id='line_1_35' title="bbox 227 2374 1547 2415; baseline -0.001 -9"><span class='ocrx_word' id='word_1_240' title='bbox 227 2375 270 2405; x_wconf 62' lang='lat' dir='ltr'>N4</span> <span class='ocrx_word' id='word_1_241' title='bbox 282 2375 360 2406; x_wconf 75' lang='lat' dir='ltr'>TVl</span> <span class='ocrx_word' id='word_1_242' title='bbox 468 2376 527 2414; x_wconf 74' lang='lat'>484</span> <span class='ocrx_word' id='word_1_243' title='bbox 555 2376 744 2415; x_wconf 76' lang='grc' dir='ltr'>ὀλυμπιάδες</span> <span class='ocrx_word' id='word_1_244' title='bbox 763 2377 959 2413; x_wconf 84' lang='grc' dir='ltr'>βαθύκολποι</span> <span class='ocrx_word' id='word_1_245' title='bbox 976 2374 1056 2405; x_wconf 79' lang='lat' dir='ltr'><strong>Zeu.</strong></span> <span class='ocrx_word' id='word_1_246' title='bbox 1164 2375 1227 2413; x_wconf 83' lang='lat'>485</span> <span class='ocrx_word' id='word_1_247' title='bbox 1251 2376 1395 2415; x_wconf 86' lang='grc' dir='ltr'>παρῆστε</span> <span class='ocrx_word' id='word_1_248' title='bbox 1413 2374 1492 2407; x_wconf 85' lang='lat' dir='ltr'>Zen.</span> <span class='ocrx_word' id='word_1_249' title='bbox 1508 2378 1547 2413; x_wconf 50' lang='lat' dir='ltr'>(h</span> 
     </span>
    </p>
   </div>
   <div class='ocr_carea' id='block_1_5' title="bbox 228 2410 1549 2503">
    <p class='ocr_par' dir='ltr' id='par_1_14' title="bbox 228 2410 1549 2503">
     <span class='ocr_line' id='line_1_36' title="bbox 277 2410 1549 2472; baseline 0 -23"><span class='ocrx_word' id='word_1_250' title='bbox 277 2467 279 2472; x_wconf 22' lang='grc' dir='ltr'><strong><em>Α</em></strong></span> <span class='ocrx_word' id='word_1_251' title='bbox 312 2429 376 2450; x_wconf 78' lang='lat' dir='ltr'>vm.</span> <span class='ocrx_word' id='word_1_252' title='bbox 393 2420 454 2471; x_wconf 43' lang='lat'>48⁰7</span> <span class='ocrx_word' id='word_1_253' title='bbox 472 2420 524 2471; x_wconf 56' lang='lat' dir='ltr'>{lic</span> <span class='ocrx_word' id='word_1_254' title='bbox 543 2429 613 2468; x_wconf 42' lang='grc' dir='ltr'>ρος.</span> <span class='ocrx_word' id='word_1_255' title='bbox 629 2419 804 2469; x_wconf 40' lang='lat' dir='ltr'>{Bm-³31⁸</span> <span class='ocrx_word' id='word_1_256' title='bbox 820 2418 867 2451; x_wconf 76' lang='lat' dir='ltr'>U5</span> <span class='ocrx_word' id='word_1_257' title='bbox 879 2418 936 2449; x_wconf 63' lang='lat' dir='ltr'>V¹S</span> <span class='ocrx_word' id='word_1_258' title='bbox 1079 2419 1227 2457; x_wconf 80' lang='lat'><strong>494—877</strong></span> <span class='ocrx_word' id='word_1_259' title='bbox 1253 2428 1315 2448; x_wconf 80' lang='lat'>0111.</span> <span class='ocrx_word' id='word_1_260' title='bbox 1335 2416 1380 2466; x_wconf 55' lang='lat' dir='ltr'>Da</span> <span class='ocrx_word' id='word_1_261' title='bbox 1395 2429 1414 2449; x_wconf 90' lang='grc' dir='ltr'>ο</span> <span class='ocrx_word' id='word_1_262' title='bbox 1432 2410 1549 2449; x_wconf 62' lang='lat' dir='ltr'>LuMJ]</span> 
     </span>
     <span class='ocr_line' id='line_1_37' title="bbox 228 2460 1052 2503; baseline 0 -11"><span class='ocrx_word' id='word_1_263' title='bbox 228 2461 271 2492; x_wconf 84' lang='lat' dir='ltr'>M¹</span> <span class='ocrx_word' id='word_1_264' title='bbox 285 2466 288 2476; x_wconf 78' lang='lat'>⁸</span> <span class='ocrx_word' id='word_1_265' title='bbox 301 2463 354 2493; x_wconf 86' lang='lat' dir='ltr'>Mc</span> <span class='ocrx_word' id='word_1_266' title='bbox 370 2463 440 2494; x_wconf 86' lang='lat' dir='ltr'>Mo-</span> <span class='ocrx_word' id='word_1_267' title='bbox 455 2463 496 2493; x_wconf 67' lang='grc' dir='ltr'><em>Ν</em></span> <span class='ocrx_word' id='word_1_268' title='bbox 511 2463 585 2494; x_wconf 56' lang='lat' dir='ltr'>O‘Jl</span> <span class='ocrx_word' id='word_1_269' title='bbox 610 2464 654 2494; x_wconf 72' lang='lat' dir='ltr'>L⁴¹</span> <span class='ocrx_word' id='word_1_270' title='bbox 667 2464 695 2494; x_wconf 85' lang='lat' dir='ltr'><strong>U</strong></span> <span class='ocrx_word' id='word_1_271' title='bbox 708 2465 730 2494; x_wconf 85' lang='lat'>¹:</span> <span class='ocrx_word' id='word_1_272' title='bbox 755 2464 830 2495; x_wconf 83' lang='lat' dir='ltr'>add.</span> <span class='ocrx_word' id='word_1_273' title='bbox 852 2468 928 2503; x_wconf 73' lang='lat' dir='ltr'>post</span> <span class='ocrx_word' id='word_1_274' title='bbox 945 2467 971 2494; x_wconf 84' lang='grc' dir='ltr'>Ω</span> <span class='ocrx_word' id='word_1_275' title='bbox 991 2460 1052 2492; x_wconf 57' lang='lat'>31¹⁰</span> 
     </span>
    </p>
   </div>
  </div>
 </body>
</html>
