1670 2828
662 121 1071 163 PRAEFATIO

208 239 251 273 et
275 233 535 286 indigestam
559 233 743 287 reliquit,
766 235 840 275 sed
870 233 1006 289 (quod
1037 235 1281 276 maximum
1310 234 1391 290 est)
1413 235 1533 276 codi-

206 315 305 342 cum
344 316 521 344 suorum
563 303 793 344 affinitates
835 317 886 344 ac
927 304 1261 346 necessitudines
1297 305 1532 359 indagavit,

205 384 366 424 eosque
417 372 458 412 in
507 372 661 424 stirpes
709 385 759 413 ac
809 372 995 413 familias
1036 386 1144 426 quas
1195 373 1328 414 critici
1376 380 1534 414 vocant

207 440 437 481 distribuit.
498 439 731 481 Accedunt
753 442 982 495 apparatui
1006 441 1210 483 lectiones
1239 455 1347 495 quas
1371 455 1394 482 e
1417 441 1535 483 libris

208 508 408 550 Parisinis
449 509 893 563 ethLondiniensibus
936 512 1102 551 notavit
1141 510 1206 551 vir
1242 512 1295 552 de
1334 511 1533 552 Homero

207 579 372 631 optime
390 577 579 628 meritus,
599 577 830 619 Gualterus
849 579 961 620 Leaf
971 597 979 620 :
1013 581 1226 621 accedunt
1242 579 1475 621 nonnullae
1492 581 1534 621 in

206 647 459 701 fragmentis
495 653 690 700 repertae
722 661 833 700 quae
870 649 913 687 in
945 661 1117 701 papyro
1152 649 1313 703 scripta
1347 649 1533 690 servavit

207 716 376 757 aridum
410 715 516 756 illud
549 715 746 769 Aegypti
782 715 922 756 solum
955 730 1004 757 ac
1035 725 1134 771 post
1162 723 1227 758 tot
1258 717 1431 759 saecula
1454 718 1534 758 rite

207 784 513 838 quaerentibus
536 784 722 825 reclusit.

265 854 316 893 In
349 853 429 894 hac
463 860 586 894 tanta
620 853 816 893 codicum
847 867 895 893 ac
930 854 1163 895 lectionum
1194 854 1461 908 supellectile
1490 856 1533 897 id

205 923 420 976 imprimis
443 923 600 962 mirum
621 922 850 973 videbitur,
872 923 1194 964 annotationem
1218 931 1410 966 nostram
1440 931 1533 966 tam

205 992 396 1042 brevem,
434 991 744 1043 discrepantias
780 997 871 1031 tam
910 1004 1026 1032 raras
1061 999 1240 1045 tamque
1279 993 1392 1034 leves
1428 1007 1534 1034 esse.

207 1061 346 1102 Recte
367 1060 480 1101 enim
504 1060 617 1100 dixit
640 1059 763 1110 Leaf,
780 1072 906 1112 posse
927 1061 960 1100 si
984 1074 1070 1101 non
1093 1074 1115 1101 e
1139 1062 1290 1114 quovis
1312 1062 1477 1112 codice,
1491 1069 1536 1103 at

206 1137 320 1172 certe
341 1144 364 1170 e
387 1129 556 1170 duobus
578 1128 802 1182 quibusvis
825 1129 933 1170 forte
955 1129 1126 1170 fortuna
1154 1131 1338 1183 arreptis
1359 1137 1533 1172 textum

205 1199 358 1241 confici
381 1199 454 1252 qui
476 1198 567 1238 sine
589 1198 752 1238 offensa
775 1197 999 1252 legeretur.
1065 1198 1240 1253 Quippe
1273 1199 1398 1240 lectio
1427 1199 1535 1241 haec

207 1282 338 1321 quam
360 1267 584 1320 vulgatam
607 1280 680 1307 seu
706 1274 921 1320 receptam
945 1281 1242 1322 nuncupamus
1265 1269 1325 1309 ita
1355 1268 1536 1310 invaluit

204 1351 282 1378 usu
305 1343 352 1378 ut
374 1336 597 1377 codicibus
619 1349 757 1389 prope
778 1336 980 1377 omnibus
1001 1338 1244 1378 communis
1267 1338 1334 1379 sit.

266 1419 300 1447 2.
337 1406 448 1447 Cum
479 1417 582 1445 vero
615 1404 756 1444 nullus
789 1411 936 1445 exstet
968 1405 1133 1459 integer
1168 1406 1349 1447 Homeri
1391 1407 1534 1448 codex

204 1474 377 1517 saeculo
420 1474 590 1514 decimo
627 1474 833 1527 superior,
868 1480 1000 1514 restat
1036 1481 1083 1515 ut
1120 1475 1316 1516 lectionis
1349 1476 1536 1531 origines

204 1545 320 1598 apud
342 1549 508 1585 veteres
530 1543 840 1596 grammaticos
862 1556 1186 1596 persequamur.
1239 1544 1437 1597 Quorum
1460 1546 1534 1599 qui

205 1614 403 1667 princeps
426 1612 505 1653 fuit
532 1619 575 1652 et
597 1611 771 1652 habitus
794 1619 858 1652 est
883 1611 1160 1653 Aristarchus
1187 1620 1334 1654 tantus
1363 1620 1454 1655 erat
1476 1614 1534 1655 rei

206 1683 380 1724 criticae
417 1688 565 1723 auctor
601 1688 647 1721 ut
685 1681 727 1720 in
766 1687 967 1734 promptu
1003 1688 1115 1722 esset
1153 1683 1326 1723 credere
1360 1689 1534 1724 textum

204 1753 319 1793 hunc
349 1758 543 1792 nostrum
570 1764 626 1790 ex
657 1745 769 1789 illius
802 1750 1048 1790 recensione
1079 1758 1287 1805 tanquam
1320 1766 1377 1792 ex
1409 1752 1535 1792 unico

207 1822 324 1862 fonte
347 1821 591 1861 derivatum
615 1833 718 1859 esse.
771 1819 915 1871 Quam
939 1819 1187 1871 opinionem
1207 1821 1396 1872 primum
1415 1821 1533 1874 quod

205 1890 337 1931 sciam
361 1903 385 1929 a
410 1889 627 1942 Giphanio
649 1887 864 1940 prolatam
890 1888 948 1939 (in
970 1888 1237 1939 praefatione
1256 1889 1402 1930 Iliadis
1420 1903 1534 1930 anno

206 1967 426 1999 MDLXXII
449 1958 608 2010 editae)
635 1957 681 1997 F.
702 1956 758 1998 A.
778 1956 905 1997 Wolf
921 1957 1092 1998 disertis
1109 1959 1250 1998 verbis
1268 1972 1391 1999 suam
1411 1958 1533 2000 fecit:

205 2032 213 2048 ‘
228 2027 510 2069 Aristarchea
530 2026 624 2078 (ait)
645 2024 873 2077 ἀΓάγυωσις
896 2025 1010 2065 facta
1027 2033 1091 2067 est
1111 2025 1333 2078 παράδοσις
1351 2025 1358 2041 ’
1379 2026 1532 2079 (Ρνοίί.

204 2111 246 2151 p.
271 2096 414 2149 ccxli).
477 2095 691 2136 Attamen
715 2093 868 2135 falsam
892 2108 983 2134 esse
1006 2095 1121 2135 haud
1145 2109 1283 2148 pauca
1305 2102 1403 2137 sunt
1425 2110 1537 2150 quae

205 2172 401 2220 arguant.
487 2164 678 2204 Primum
722 2164 835 2204 enim
886 2163 1048 2204 multae
1089 2171 1188 2205 sunt
1232 2164 1437 2206 lectiones
1479 2166 1534 2206 ab

204 2233 463 2276 Aristarcho
487 2233 667 2272 reiectae
698 2245 809 2284 quae
835 2238 981 2272 tamen
1014 2233 1055 2271 in
1085 2233 1286 2274 omnibus
1314 2234 1535 2276 codicibus

205 2303 361 2345 nostris
398 2302 674 2355 reperiuntur.
754 2301 923 2341 Deinde
962 2301 1207 2354 complures
1248 2310 1347 2344 sunt
1388 2318 1534 2345 versus

205 2371 461 2414 Aristarcho
485 2371 632 2424 ignoti,
656 2369 901 2423 complures
922 2371 1051 2410 ctiam
1076 2371 1129 2411 ab
1153 2385 1202 2411 eo
1230 2372 1435 2420 damnati,
1459 2373 1533 2425 qui

839 2449 899 2472 Vlll
