1660 2802
644 109 678 143 8.
752 105 1012 143 ΙΛΙΑΔΟΣ
1057 106 1095 143 Θ

204 208 330 248 λύσας
357 205 402 258 ἐξ
424 207 564 260 ὀχέων,
594 210 689 248 κατὰ
714 207 745 248 δ’
772 207 866 260 ἠέρα
893 208 1042 249 πουλὺν
1067 208 1216 262 ἔχευεν.
1488 225 1529 257 5ο

205 273 318 315 αὐτὸς
344 273 376 314 δ’
402 276 444 314 ἐν
471 280 668 331 κορυφῇσι
694 274 874 324 καθέζετο
901 276 1008 315 κύδεϊ
1031 277 1167 328 γαίων,

205 341 393 392 εἰσορόων
417 342 564 393 Τρώων
588 358 630 381 τε
656 342 773 381 πόλιν
800 343 862 382 καὶ
888 343 983 392 νῆας
1006 342 1193 395 Ἀχαιῶν.

271 409 322 447 Οἶ
348 407 380 447 δ’
405 407 478 459 ἄρα
505 411 663 448 δεῖπνον
690 409 829 448 ἕλοντο
856 408 950 460 κάρη
979 410 1197 460 κομόωντες
1220 409 1378 463 Ἀχαιοὶ

203 473 329 527 ῥίμφα
356 476 452 513 κατὰ
478 476 646 520 κλισίας,
674 474 751 515 ἀπὸ
777 474 809 514 δ’
835 474 951 515 αὐτοῦ
976 475 1247 527 θωρήσσοντο.

203 542 336 592 Τρῶες
360 539 391 580 δ’
418 540 501 580 αὖθ’
528 540 716 592 ἑτέρωθεν
743 542 816 581 ἀνὰ
841 542 983 582 πτόλιν
1019 543 1239 592 ὁπλίζοντο,
1487 558 1526 588 55

203 607 446 658 παυρότεροι·
482 607 667 658 μέμασαν
694 610 733 648 δὲ
762 609 823 648 καὶ
849 609 900 650 ὧς
925 609 1061 659 ὑσμῖνι
1084 608 1295 662 μάχεσθαι,

202 677 331 725 χρειοῖ
353 674 557 730 ἀναγκαίῃ,
587 675 662 726 πρό
686 691 728 714 τε
753 676 903 715 παίδων
930 677 991 715 καὶ
1018 675 1091 727 πρὸ
1116 680 1322 728 γυναικῶν.

359 739 387 753 α’
425 739 459 754 ’l

204 742 329 779 πᾶσαι
356 754 375 780 ο
414 751 602 792 ωϊγνυντο
629 741 762 787 πύλαι,
792 743 834 781 ἐκ
860 741 892 782 δ’
917 741 1064 782 ἔσσυτο
1090 743 1198 788 λαός,

203 806 316 856 πεζοί
338 805 370 845 θ’
396 806 539 857 ἱππῆές
564 825 617 847 τε·
657 807 780 850 πολὺς
807 807 838 848 δ’
865 808 1083 860 ὀρυμαγδὸς
1108 809 1256 860 ὀρώρει.
1632 838 1660 895 Ξ

270 874 322 912 Οἱ
348 872 379 912 δ’
406 874 469 913 ὅτε
495 872 539 922 δή
565 873 604 926 ῥ’
630 875 669 915 ἐς
695 878 824 928 χῶρον
851 875 920 915 ἕνα
946 874 1143 925 ξυνιόντες
1169 877 1311 921 ἵκοντο,
1484 881 1526 912 60
1632 875 1633 893 ¹

204 938 276 978 σύν
300 937 338 990 ῥ’
367 939 518 990 ἔβαλον
543 941 684 990 ῥινούς,
714 941 787 981 σὺν
813 941 845 980 δ’
871 941 992 994 ἔγχεα
1019 943 1080 982 καὶ
1105 941 1210 992 μένε’
1237 943 1387 994 ἀνδρῶν

202 1005 551 1057 χαλκεοθωρήκων·
587 1007 684 1059 ἀτὰρ
710 1008 875 1048 ἀσπίδες
900 1009 1184 1060 ὀμφαλόεσσαι

202 1070 362 1117 ἔπληντ’
388 1071 604 1128 ἀλλήλῃσι,
633 1074 757 1116 πολὺς
782 1074 813 1113 δ’
839 1074 1056 1126 ὀρυμαγδὸς
1082 1075 1231 1126 ὀρώρει.

203 1137 295 1176 ἔνθα
321 1137 353 1177 δ’
379 1137 442 1190 ἅμ’
469 1139 618 1190 οἰμωγή
645 1157 685 1180 τε
713 1141 774 1180 καὶ
800 1140 954 1194 εὐχωλὴ
982 1141 1103 1182 πέλεν
1129 1142 1280 1193 ἀνδρῶν

202 1204 404 1244 ὀλλύντων
429 1223 470 1245 τε
497 1207 559 1246 καὶ
584 1207 825 1257 ὀλλυμένων,
852 1207 916 1259 ῥέε
942 1207 973 1247 δ’
1000 1209 1133 1258 αἵματι
1158 1212 1263 1260 γαῖα.
1481 1212 1522 1252 65

263 1269 400 1323 ’Όφρα
424 1274 496 1322 μὲν
522 1273 598 1322 ἠὼς
624 1272 670 1323 ἧν
697 1275 758 1314 καὶ
784 1273 920 1324 ἀέξετο
948 1274 1050 1326 ἱερὸν
1078 1273 1191 1326 ἦμαρ,

201 1337 328 1389 τόφρα
353 1338 446 1388 μάλ’
472 1339 706 1391 ἀμφοτέρων
731 1340 842 1390 βέλε’
869 1341 1025 1391 ἥπτετο,
1053 1345 1170 1381 πῖπτε
1197 1343 1238 1382 δὲ
1263 1341 1372 1383 λαός.

202 1403 297 1455 ἦμος
323 1404 354 1444 δ’
380 1404 542 1447 Ἠέλιος
567 1406 692 1456 μέσον
718 1407 882 1458 οὐρανὸν
908 1407 1195 1459 ἀμφιβεβήκει,

202 1473 263 1510 καὶ
289 1472 378 1512 τότε
404 1472 448 1522 δὴ
475 1472 644 1525 χρύσεια
670 1473 796 1525 πατὴρ
822 1475 987 1514 ἐτίταινε
1012 1474 1200 1514 τάλαντα·

200 1538 242 1577 ἐν
269 1537 299 1577 δ’
327 1539 444 1579 ἐτίθει
471 1540 536 1579 δύο
564 1542 654 1592 κῆρε
680 1540 918 1593 τανηλεγέος
944 1540 1140 1587 θανάτοιο,
1482 1553 1523 1585 70

199 1605 345 1656 Τρώων
372 1605 404 1645 θ’
432 1606 662 1657 ἱπποδάμων
690 1608 751 1647 καὶ
776 1607 950 1660 Ἀχαιῶν
975 1607 1298 1660 χαλκοχιτώνων,

200 1672 290 1711 ἕλκε
316 1674 357 1712 δὲ
382 1672 518 1723 μέσσα
542 1674 697 1724 λαβών·
735 1673 829 1726 ῥέπε
856 1674 887 1714 δ’
914 1676 1074 1725 αἴσιμον
1101 1673 1202 1726 ἦμαρ
1227 1674 1414 1728 Ἀχαιῶν.

200 1739 238 1777 αἱ
263 1740 336 1788 μὲν
361 1738 535 1792 Ἀχαιῶν
563 1743 674 1793 κῆρες
701 1742 764 1781 ἐπὶ
790 1742 906 1794 χθονὶ
933 1743 1223 1797 πουλυβοτείρῃ

200 1803 377 1855 ἑζέσθην,
405 1807 552 1857 Τρώων
577 1809 617 1847 δὲ
645 1807 740 1859 πρὸς
766 1807 930 1860 οὐρανὸν
956 1807 1067 1859 εὐρὺν
1091 1808 1242 1859 ἄερθεν·

199 1870 313 1913 αὐτὸς
339 1871 370 1911 δ’
398 1870 444 1921 ἐξ
460 1872 566 1924 Ἴδης
589 1874 730 1926 μεγάλ’
758 1875 912 1921 ἔκτυπε,
940 1875 1146 1926 δαιόμενον
1172 1877 1213 1915 δὲ
1480 1887 1520 1918 75

199 1937 267 1986 ἧκε
295 1937 418 1980 σέλας
442 1942 540 1990 μετὰ
564 1941 662 1980 λαὸν
688 1941 875 1994 Ἀχαιῶν·
915 1943 950 1982 οἱ
977 1944 1017 1982 δὲ
1045 1942 1193 1982 ἰδόντες

199 2003 428 2055 θάμβησαν,
458 2007 519 2046 καὶ
546 2007 695 2048 πάντας
721 2008 795 2048 ὑπὸ
821 2008 980 2061 χλωρὸν
1007 2008 1094 2050 δέος
1121 2009 1238 2048 εἶλεν.

261 2070 373 2111 ’Ἔνθ’
399 2072 477 2112 οὔτ’
504 2073 719 2124 Ἰδομενεὺς
744 2077 817 2125 τλῆ
842 2076 998 2126 μίμνειν
1026 2074 1104 2115 οὔτ’
1130 2073 1403 2126 Ἀγαμέμνων,

241 2177 283 2205 5ο
306 2168 387 2198 κατὰ
404 2170 482 2197 efh
501 2166 592 2198 Eusn
611 2167 642 2198 A
657 2167 682 2198 B
696 2168 722 2198 C
734 2168 761 2198 T
777 2169 817 2200 al.
838 2182 844 2200 :
870 2170 953 2212 παρὰ
969 2169 1027 2200 VN
1043 2182 1049 2200 ε
1073 2172 1143 2212 περὶ
1163 2171 1316 2211 plerique
1400 2179 1475 2213 post
1492 2183 1533 2213 52

197 2215 354 2249 quattuor
370 2219 436 2240 vss.
454 2210 530 2240 add.
551 2209 595 2258 12⁷
730 2222 770 2250 54
796 2214 857 2244 ἀπὸ
875 2212 902 2245 δ’
920 2212 1034 2252 αὐτοῦ]
1051 2216 1100 2246 τοὶ
1119 2215 1145 2246 δ’
1165 2215 1274 2247 αὐτόθι
1292 2226 1321 2246 v.
1334 2215 1354 2247 l.
1374 2220 1443 2247 ant.

198 2263 237 2291 54
250 2254 324 2285 a-d.
344 2262 384 2292 55
396 2253 472 2286 a-d.
488 2255 529 2292 65
541 2264 590 2283 a—1
610 2264 639 2285 v.
659 2256 763 2294 praef.
856 2266 896 2296 55
923 2256 1094 2297 ὁπλίζοντο
1112 2257 1171 2289 ΛΓ.
1191 2259 1285 2289 fBT
1301 2259 1355 2290 aL:
1383 2261 1447 2292 ὥπ·
1465 2266 1527 2292 cet.

285 2306 326 2335 59
351 2307 415 2327 om.
435 2295 493 2344 121⁷
512 2307 565 2328 uV.
677 2301 717 2337 64
744 2300 806 2343 ἔνθ’
824 2300 886 2340 ἅμα
904 2311 975 2337 cq:
1001 2301 1063 2332 ἔνθ’
1082 2301 1134 2341 ἅμ’
1152 2301 1252 2338 pBC
1265 2302 1306 2332 L³'
1319 2301 1373 2333 L¹⁴2
1388 2301 1534 2334 M⁴O⁵T

196 2339 392 2371 V¹¹V¹⁹V20
407 2341 447 2371 al.
465 2351 472 2370 ε
498 2340 559 2372 ἔνθ’
577 2342 635 2382 ἄρα
654 2341 702 2371 1³¹¹
718 2342 777 2372 V2'3
790 2343 844 2374 Vi¹
935 2345 977 2383 69
1001 2346 1096 2377 αὐτὸς
1115 2346 1153 2383 δὴ
1170 2345 1225 2376 cit.
1246 2345 1324 2377 Eus.
1344 2356 1459 2386 praep.
1478 2357 1527 2378 ev.

196 2384 266 2414 xiii.
291 2393 338 2422 13,
359 2393 400 2422 59
502 2393 607 2422 73—74
631 2386 699 2415 ath.
718 2386 774 2416 ΑΓ.
886 2397 923 2425 74
951 2386 1079 2426 ἕζεσθεν
1098 2399 1126 2419 v.
1146 2389 1166 2420 l.
1185 2394 1253 2420 ant.
1360 2400 1398 2428 77
1426 2389 1529 2431 εἷλεν]

195 2426 262 2469 ᾕρει
280 2431 305 2458 h
318 2426 600 2458 L1⁹L¹⁵·M¹··v.l.
621 2429 652 2458 in
672 2429 702 2458 Α
