1660 2802
650 139 684 171 5.
758 132 1020 170 IMAAOE
1080 133 1111 169 Ε

210 236 300 277 ἀλλ’
328 237 371 276 οὗ
396 238 433 278 οἱ
458 236 547 277 τότε
572 253 616 289 γε
641 235 803 289 χραῖσμ’
824 235 1011 287 ’Ἄρτεμις
1038 235 1228 289 ἰοχέαιρα,

210 304 299 344 οὐδὲ
323 304 544 354 ἑκηβολίαι,
570 301 660 359 ᾗσιν
684 302 728 342 τὸ
754 304 845 354 πρίν
870 302 907 355 γ’
933 302 1136 342 ἐκέκαστο·

210 369 318 409 ἀλλά
341 386 407 420 μιν
434 369 633 421 Ἀτρεΐδης
659 368 923 420 δουρικλειτὸς
950 368 1158 411 Μενέλαος

210 436 382 488 πρόσθεν
409 436 497 476 ἕθεν
523 436 724 488 φεύγοντα
748 434 998 488 μετάφρενον
1024 436 1167 476 οὔτασε
1191 438 1297 488 δουρὶ

211 502 325 553 ὤμων
349 502 566 554 μεσσηγύς,
595 504 657 542 διὰ
684 504 725 542 δὲ
751 501 979 554 στήθεσφιν
1005 502 1195 549 ἔλασσεν,

209 568 324 621 ἤριπε
350 571 391 609 δὲ
415 567 574 621 πρηνής,
604 567 787 620 ἀράβησε
814 571 856 609 δὲ
880 568 1007 621 τεύχε’
1032 568 1093 609 ἐπ’
1119 568 1234 624 αὐτῷ.

277 636 480 687 Μηριόνης
505 637 544 674 δὲ
572 634 774 686 Φέρεκλον
802 633 978 687 ἐνήρατο,
1005 634 1185 677 τέκτονος
1208 635 1292 676 υἱὸν

208 701 460 753 Ἁρμονίδεω,
488 701 530 743 ὃς
554 703 695 754 χερσὶν
724 702 912 742 ἐπίστατο
938 703 1106 742 δαίδαλα
1130 701 1259 742 πάντα

209 768 376 821 τεύχειν·
415 768 536 821 ἔξοχα
562 767 635 820 γάρ
662 785 728 819 μιν
756 769 922 820 ἐφίλατο
948 770 1117 810 Παλλὰς
1141 768 1301 819 Ἀθήνη·

209 834 251 876 ὃς
276 836 337 875 καὶ
362 833 611 889 Ἀλεξάνδρῳ
638 834 851 885 τεκτήνατο
877 837 972 885 νῆας
998 834 1107 877 ἐΐσας

210 901 461 956 ἀρχεκάκους,
490 902 528 942 αἲ
556 904 653 942 πᾶσι
683 901 800 942 κακὸν
825 902 1012 954 Τρώεσσι
1037 901 1198 954 γένοντο

210 969 249 1008 οἶ
270 967 303 1008 τ’
330 968 445 1022 αὐτῷ,
474 969 557 1008 ἐπεὶ
587 969 630 1008 οὔ
655 985 691 1008 τι
719 971 817 1009 θεῶν
843 970 885 1008 ἐκ
910 968 1095 1020 θέσφατα
1117 968 1200 1025 ᾔδη.

208 1034 276 1074 τὸν
300 1037 371 1085 μὲν
398 1035 613 1086 Μηριόνης,
644 1036 709 1075 ὅτε
735 1035 780 1085 δὴ
808 1035 1051 1087 κατέμαρπτε
1075 1036 1236 1082 διώκων,

208 1100 407 1151 βεβλήκει
432 1101 602 1153 γλουτὸν
631 1103 727 1141 κατὰ
753 1101 894 1152 δεξιόν·
931 1102 954 1152 ἡ
981 1104 1022 1142 δὲ
1047 1101 1187 1154 διαπρὸ

209 1167 364 1219 ἀντικρὺ
393 1169 489 1207 κατὰ
517 1168 652 1208 κύστιν
677 1168 740 1209 ὑπ’
766 1168 908 1208 ὀστέον
933 1168 1044 1218 ἤλυθ’
1069 1168 1212 1218 ἀκωκή·

209 1233 309 1285 γνὺξ
330 1234 362 1274 δ’
387 1234 486 1286 ἔριπ’
514 1234 696 1285 οἰμώξας,
727 1234 890 1276 θάνατος
916 1235 958 1275 δέ
981 1252 1047 1285 μιν
1072 1235 1352 1287 ἀμφεκάλυψε.

277 1299 454 1350 Πήδαιον
480 1300 513 1340 δ’
541 1300 599 1353 ἄρ’
628 1301 774 1353 ἔπεφνε
800 1301 950 1353 Μέγης,
978 1301 1213 1354 Ἀντήνορος
1237 1302 1333 1348 υἱόν,

209 1368 252 1408 ὅς
268 1367 318 1418 ῥα
343 1367 456 1409 νόθος
480 1369 552 1418 μὲν
579 1367 658 1417 ἔην,
688 1368 789 1408 πύκα
815 1367 847 1408 δ’
873 1368 1014 1420 ἔτρεφε
1039 1371 1102 1408 δῖα
1131 1369 1272 1409 Θεανὼ

207 1433 279 1473 ἶσα
303 1435 462 1486 φίλοισι
489 1433 664 1481 τέκεσσι,
692 1433 927 1487 χαριζομένη
954 1435 1072 1475 πόσεϊ
1097 1433 1137 1489 ᾧ.

208 1499 276 1540 τὸν
300 1502 371 1551 μὲν
396 1500 591 1550 Φυλείδης
619 1501 868 1553 δουρικλυτὸς
894 1501 1058 1553 ἐγγύθεν
1084 1502 1211 1542 ἐλθὼν

207 1565 406 1618 βεβλήκει
434 1570 610 1620 κεφαλῆς
638 1569 732 1607 κατὰ
759 1569 856 1608 ἰνίον
881 1567 963 1618 ὀξέϊ
988 1570 1106 1620 δουρί·

209 1634 366 1685 ἀντικρὺ
391 1634 422 1674 δ’
451 1634 510 1674 ἀν’
536 1635 700 1676 ὀδόντας
724 1635 798 1675 ὑπὸ
824 1639 1018 1687 γλῶσσαν
1042 1634 1138 1686 τάμε
1163 1635 1326 1688 χαλκός·

208 1699 322 1752 ἤριπε
348 1700 378 1740 δ’
407 1702 448 1741 εἰ·
474 1703 594 1757 κονίῃ,
624 1701 781 1754 ψυχρὸν
807 1701 839 1741 δ’
865 1703 930 1742 ἕλε
955 1701 1108 1754 χαλκὸν
1128 1703 1298 1743 ὀδοῦσιν.

276 1768 507 1819 Εὐρύπυλος
531 1768 564 1808 δ’
592 1768 850 1819 Εὐαιμονίδης
873 1767 1080 1821 (Ὑψήνορα
1105 1771 1200 1815 δῖον,

207 1833 292 1874 υἱὸν
316 1835 536 1886 ὑπερθύμου
564 1836 823 1882 Δολοπίονος,
852 1837 894 1877 ὅς
918 1836 966 1888 ῥα
992 1835 1244 1887 Σκαμάνδρου

208 1901 354 1952 ἀρητὴρ
381 1901 570 1949 ἐτέτυκτο,
600 1902 686 1944 θεὸς
711 1902 743 1943 δ’
769 1903 819 1944 ὣς
843 1904 945 1943 τίετο
970 1901 1089 1957 δήμῳ,

207 1966 275 2007 τὸν
298 1970 370 2018 μὲν
397 1968 455 2020 ἄρ’
485 1970 727 2021 Εὐρύπυλος,
758 1969 977 2020 Εὐαίμονος
1002 1968 1152 2021 ἀγλαὸς
1175 1969 1269 2014 υἱός,

208 2035 382 2085 πρόσθεν
409 2035 496 2076 ἕθεν
523 2037 721 2088 φεύγοντα
746 2036 1040 2089 μεταδρομάδην
1066 2035 1180 2076 ἕλασ’
1206 2032 1311 2086 ὦμον

208 2100 405 2156 φασγάνῳ
432 2101 553 2152 ἀΐξας,
583 2103 660 2143 ἀπὸ
685 2103 717 2143 δ’
743 2103 858 2154 ἔξεσε
883 2107 996 2156 χεῖρα
1018 2106 1198 2154 βαρεῖαν·

209 2168 458 2218 αἱματόεσσα
483 2171 522 2209 δὲ
549 2170 636 2222 χεὶρ
661 2171 779 2224 πεδίῳ
806 2169 918 2210 πέσε·
957 2169 1024 2209 τὸν
1050 2171 1091 2209 δὲ
1118 2167 1199 2208 κατ’
1226 2169 1327 2208 ὄσσε

1494 385 1533 415 55

1494 706 1536 738 60

1494 1379 1537 1412 70

1492 1712 1534 1745 75

1492 2039 1533 2070 80

251 2272 293 2302 53
318 2265 478 2305 χραῖσμεν
496 2262 641 2294 θανάτοιο
658 2261 787 2303 πέλωρα
802 2261 883 2294 Zen.
1037 2270 1077 2299 57
1103 2270 1166 2291 om.
1185 2259 1244 2308 Dm
1261 2270 1280 2291 e
1291 2271 1311 2291 ο
1322 2259 1354 2290 Α
1366 2260 1394 2292 Β
1405 2261 1432 2292 C
1444 2261 1473 2292 T
1485 2261 1533 2293 U5

208 2305 268 2337 V32
284 2306 326 2337 al.
384 2349 392 2354 ἱ
440 2306 482 2344 58
507 2306 533 2337 δ’
552 2305 703 2359 ἐξχόχέων
724 2310 771 2343 gl
788 2305 828 2336 al.
946 2306 990 2335 60
1013 2303 1130 2344 πάντα]
1150 2305 1259 2359 πολλόξ
1275 2303 1333 2335 ΛΓ.
1354 2304 1410 2359 'ed'
1425 2305 1531 2336 altera

210 2348 336 2423 lnam&
346 2349 404 2423 {1⁰0
416 2391 443 2423 T
453 2350 533 2423 νῑῗῗ
557 2349 774 2434 {ETAEZJXZ
784 2395 798 2422 i
810 2348 1007 2431 οῆῗῗὲεῗῒῗῑξ
1017 2347 1127 2432 ἶῗζὲων
1147 2351 1532 2443 ν.71ῗᾹ”;”3ἴιζῗ”οἷῗῗῇῗέ
