1670 2828
634 155 669 187 4.
742 146 1001 184 IAIAAOE
1051 148 1086 182 Δ

199 254 289 294 ἀλλ’
316 256 434 305 ὄρσευ
459 251 682 303 πόλεμόνδ’,
709 251 789 291 οἶος
815 249 936 300 πάρος
963 248 1095 301 εὔχεαι
1121 247 1256 288 ebat-'³

264 320 345 360 Τὸν
370 319 402 360 δ’
428 318 510 360 αὖτ’
537 317 753 368 Ἰδομενεὺς
781 319 943 367 Κρητῶν
969 314 1065 366 ἀγὸς
1090 315 1223 354 ἀντίον
1248 314 1357 364 ηὔδα·
1461 317 1522 357 265

200 389 224 405 “
242 385 433 437 Ἀτρεΐδη,
459 385 569 436 μάλα
592 382 665 435 μέν
688 399 750 422 τοι
775 383 876 433 ἐγὼν
903 382 1052 432 ἐρίηρος
1077 382 1229 432 ἑταῖρος

199 453 383 503 ἔσσομαι,
411 451 463 493 ὡς
486 450 531 490 τὸ
557 453 711 501 πρῶτον
735 446 913 497 ὑπέστην
940 447 1001 487 καὶ
1028 446 1256 487 κατένευσα·

200 518 292 560 ἀλλ’
317 518 465 559 ἄλλους
489 518 626 568 ὄτρυνε
651 515 745 566 κάρη
774 514 997 565 κομόωντας
1022 513 1222 566 Ἀχαιούς,

199 587 303 638 ὄφρα
327 584 499 637 τάχιστα
521 581 738 635 μαχώμεθ’,
767 580 851 621 ἐπεὶ
877 579 951 620 σύν
976 579 1012 632 γ’
1038 579 1132 631 ὅρκι’
1158 579 1300 632 ἔχευαν

198 655 343 703 Τρῶες·
381 653 509 690 τοῖσιν
535 648 567 689 δ’
593 648 641 688 αὖ
665 647 833 688 θάνατος
860 647 922 687 καὶ
950 645 1053 696 κήδε’
1079 646 1238 686 ὀπίσσω
1460 657 1524 688 270

199 716 348 762 ἔσσετ’,
376 716 460 756 ἐπεὶ
484 715 667 766 πρότεροι
690 715 787 766 ὑπὲρ
812 714 923 765 ὅρκια
947 711 1213 763 δηλήσαντο.”

260 782 339 825 ιἶΩς
364 781 491 834 ἔφατ’,
517 780 719 834 Ἀτρεΐδης
744 782 785 821 δὲ
810 777 1013 835 παρῴχετο
1039 779 1259 831 γηθόσυνος
1285 780 1366 831 κῆρ·

200 849 297 900 ἦλθε
322 848 354 888 δ’
380 848 440 889 ἐπ’
466 847 687 888 Αἰάντεσσι
712 848 804 887 κιὼν
830 847 904 886 ἀνὰ
929 844 1101 896 οὐλαμὸν
1127 846 1290 896 ἀνδρῶν·

200 918 252 956 τὼ
279 918 321 956 δὲ
347 914 636 967 κορυσσέσθην,
664 913 744 965 ἅμα
769 915 809 954 δὲ
835 912 956 965 νέφος
982 913 1114 953 εἵπετο
1140 912 1278 961 πεζῶν.

201 983 251 1024 ὡς
277 981 308 1021 δ’
333 981 389 1021 ὅτ’
415 981 493 1021 ἀπὸ
519 983 686 1031 σκοπιῆς
712 980 812 1020 εἶδεν
839 977 961 1031 νέφος
987 979 1153 1020 αἰπόλος
1178 977 1276 1030 ἀνὴρ
1463 989 1525 1020 275

202 1049 418 1102 ἐρχόμενον
444 1048 541 1088 κατὰ
564 1048 708 1087 πόντον
733 1046 807 1087 ὑπὸ
833 1045 1029 1097 Ζεφύροιο
1056 1046 1161 1095 ἰωῆς·

200 1119 252 1170 τῷ
278 1113 320 1155 δέ
345 1114 377 1153 τ’
402 1114 565 1155 ἄνευθεν
589 1114 695 1154 ἐόντι
718 1112 960 1163 μελάντερον
985 1111 1077 1161 ἠΰτε
1101 1111 1231 1151 πίσσα

202 1180 355 1234 φαίνετ’
381 1181 440 1221 ἰὸν
466 1181 565 1220 κατὰ
588 1180 745 1225 πόντον,
774 1179 861 1231 ἄγει
885 1178 927 1219 δέ
952 1195 993 1219 τε
1017 1179 1196 1218 λαίλαπα
1221 1175 1392 1227 πολλήν,

200 1247 366 1300 ῥίγησέν
389 1264 433 1288 τε
458 1247 562 1293 ἰδών,
588 1246 664 1286 ὑπό
689 1262 731 1286 τε
757 1244 878 1287 σπέος
904 1244 1033 1295 ἤλασε
1057 1246 1179 1294 μῆλαδ

200 1318 303 1355 τοῖαι
328 1312 392 1364 ἅμ’
421 1312 641 1354 Αἰάντεσσι
666 1310 904 1363 διοτρεφέων
930 1312 1073 1361 αἰζηῶν
1466 1314 1527 1344 280

202 1379 309 1430 δήϊον
337 1382 375 1422 ἐς
400 1380 574 1430 πόλεμον
599 1380 754 1419 πυκιναὶ
781 1380 933 1418 κίνυντο
959 1376 1167 1429 φάλαγγες

204 1446 372 1492 κυάνεαι,
402 1446 568 1487 σάκεσίν
593 1463 635 1486 τε
661 1446 722 1486 καὶ
748 1444 889 1498 ἔγχεσι
914 1447 1153 1495 πεφρικυῖαι.

201 1514 265 1554 καὶ
290 1513 379 1555 τοὺς
403 1514 475 1563 μὲν
500 1511 676 1564 γήθησεν
702 1512 794 1552 ἰδὼν
821 1511 957 1562 κρείων
983 1509 1255 1561 Ἀγαμέμνων,

204 1580 268 1620 καί
291 1585 420 1632 σφεας
446 1578 639 1631 φωνήσας
664 1578 760 1619 ἔπεα
785 1577 999 1629 πτερόεντα
1025 1576 1241 1628 προσηύδα·

204 1648 228 1663 “
246 1645 392 1692 Αἴαντ’,
420 1645 612 1698 Ἀργείων
636 1643 805 1697 ἡγήτορε
828 1643 1150 1697 χαλκοχιτώνων,
1465 1646 1525 1685 285

203 1716 311 1764 σφῶϊ
334 1711 510 1762 μέν-οὐ
535 1713 609 1763 γὰρ
636 1711 727 1751 ἔοικ’
752 1709 1067 1762 ὀτρυνέμεν-οὕ
1091 1727 1128 1749 τι
1155 1708 1315 1749 κελεύω·

203 1779 304 1819 αὐτὼ
329 1780 403 1830 γὰρ
428 1777 537 1828 μάλα
560 1777 660 1818 λαὸν
685 1777 882 1829 ἀνώγετον
906 1777 971 1829 ἶφι
995 1775 1210 1829 μάχεσθαι.

202 1843 241 1884 αἳ
265 1843 351 1896 γάρ,
382 1847 457 1884 Ζεῦ
480 1861 523 1884 τε
547 1843 670 1895 πάτερ
698 1845 760 1884 καὶ
784 1843 972 1893 Ἀθηναίη
1000 1843 1062 1882 καὶ
1080 1841 1303 1888 ”Amnon

201 1914 306 1952 τοῖος
329 1913 451 1951 πᾶσιν
478 1910 595 1960 θυμὸς
620 1911 678 1950 ἐνὶ
704 1909 899 1960 στήθεσσι
925 1908 1091 1961 γένοιτο·

202 1980 254 2016 τῶ
281 1993 321 2016 κε
345 1976 434 2029 τάχ’
459 1976 624 2026 ἠμύσειε
649 1977 765 2018 πόλις
791 1975 986 2027 Πριάμοιο
1011 1975 1188 2021 ἄνακτος,
1462 1987 1525 2017 290

203 2043 343 2095 χερσὶν
367 2041 434 2094 ὑφ’
459 2042 698 2098 ἡμετέρῃσιν
723 2041 878 2082 ἁλοῦσά
902 2059 945 2082 τε
968 2040 1187 2094 περθομένη
1213 2039 1295 2081 τε.”

263 2107 342 2151 ὁΩς
367 2109 487 2149 εἰπὼν
510 2109 599 2150 τοὺς
624 2110 694 2159 μὲν
719 2110 836 2149 λίπεν
861 2108 989 2153 αὐτοῦ,
1016 2110 1071 2159 βῆ
1098 2109 1139 2147 δὲ
1163 2106 1246 2157 μετ’
1272 2106 1430 2147 ἄλλους·

202 2174 282 2215 ἔνθ’
309 2175 331 2214 ὅ
350 2192 395 2227 γε
421 2174 592 2227 Νέστορ’
621 2176 767 2226 ἔτετμε,
795 2175 911 2227 λιγὺν
936 2174 1099 2215 Πυλίων
1125 2171 1333 2225 ἀγορητήν,

246 2265 309 2302 264
344 2264 439 2302 εὔχεο
467 2263 701 2293 acdfiklA
729 2273 773 2294 ss.
802 2263 830 2294 T
855 2263 896 2295 al.
1093 2273 1154 2302 277
1191 2262 1218 2295 δ’
1245 2263 1417 2296 ἀπάνευθεν
1429 2262 1475 2294 0⁵
1487 2262 1528 2294 P⁵

204 2306 250 2337 U⁵
263 2306 308 2337 U⁹
321 2305 381 2336 U¹⁰
505 2305 589 2337 ἐόντι
607 2305 665 2337 Ar.
687 2306 800 2345 vulg.:
826 2306 906 2339 ἰόντι
924 2305 1003 2338 Zen.
1024 2311 1039 2337 1
1055 2306 1106 2337 Ve
1125 2317 1155 2337 v.
1170 2306 1190 2337 l.
1210 2316 1264 2347 ap.
1283 2306 1377 2338 Eust.
1397 2307 1438 2338 al.

203 2351 268 2380 280
292 2348 444 2391 ἀρηϊθόων
459 2352 480 2380 d
493 2352 542 2379 hi
558 2348 599 2379 al.
764 2351 826 2380 282
851 2349 992 2390 κυάνεαι]
1011 2350 1121 2391 ἡρώων
1137 2349 1217 2380 Zen.
1351 2352 1527 2392 βεβριθυῖαι

202 2393 261 2425 Ar.
281 2393 332 2424 ed.
353 2392 457 2423 altera
589 2393 651 2431 283
676 2394 726 2425 καὶ
744 2393 803 2433 μὲν
819 2394 892 2426 τοὺς
908 2391 1049 2442 19411Μὸ
1066 2393 1106 2423 al.
