1629 2828
584 636 834 685 ΙΛΙΑΔΟΣ
902 642 939 682 Δ

151 811 353 875 Ὁρκίων
382 813 630 878 σύγχυσις
698 813 1052 878 Ἀγαμέμνονος
1082 817 1377 879 ἐπιπώλησις

170 931 220 970 Οἱ
245 931 286 970 δὲ
311 930 393 971 θεοὶ
416 931 495 982 πὰρ
520 931 618 981 Ζηνὶ
643 930 854 982 καθήμενοι
877 931 1100 984 ἠγορόωντο

103 994 255 1050 χρυσέῳ
281 997 323 1037 ἐν
348 996 513 1051 δαπέδῳ,
540 999 638 1048 μετὰ
663 996 705 1038 δέ
730 1003 852 1050 σφισι
878 999 1018 1038 πότνια
1033 997 1150 1050 ΓῊβη

103 1060 239 1113 νέκταρ
264 1063 461 1116 ἐῳνοχόει·
499 1064 559 1104 τοὶ
584 1066 625 1104 δὲ
650 1063 835 1116 χρυσέοις
859 1064 1051 1105 δεπάεσσι

103 1127 294 1181 δειδέχατ’
320 1128 532 1178 ἀλλήλους,
558 1130 705 1181 Τρώων
731 1131 848 1171 πόλιν
873 1132 1137 1182 εἰσορόωντες.

104 1193 222 1234 αὐτίκ’
248 1196 427 1246 ἐπειρᾶτο
455 1197 646 1246 Κρονίδης
672 1196 890 1247 ἐρεθιζέμεν
901 1196 1033 1248 ’Ἡρην
1408 1214 1423 1243 5

105 1262 317 1312 κερτομίοις
344 1261 520 1307 ἐπέεσσι,
549 1262 810 1314 παραβλήδην
835 1264 1045 1315 ἀγορεύων·

106 1329 130 1343 “
146 1328 244 1368 δοιαὶ
268 1329 339 1378 μὲν
367 1327 560 1383 Μενελάῳ
586 1329 774 1380 ἀρηγόνες
800 1330 877 1370 εἰσὶ
903 1329 1041 1375 θεάων,

97 1391 203 1444 ΓἩρη
228 1393 261 1434 τ’
287 1394 444 1447 Ἀργείη
473 1395 534 1435 καὶ
559 1395 868 1446 Ἀλαλκομενηῒς
893 1395 1050 1447 Ἀθήνη.

103 1459 192 1499 ἀλλ’
216 1460 299 1510 ἤτοι
324 1462 386 1502 ταὶ
412 1463 533 1513 νόσφι
560 1461 770 1512 καθήμεναι
796 1464 1031 1514 εἰσορόωσαι

102 1525 330 1578 τέρπεσθον·
368 1531 420 1581 τῷ
446 1527 478 1567 δ’
505 1528 595 1568 αὖτε
622 1529 882 1580 φιλομμειδὴς
907 1528 1121 1580 Ἀφροδίτη
1387 1544 1425 1565 10

102 1592 175 1633 αἰεὶ
201 1593 494 1646 παρμέμβλωκε
522 1595 583 1634 καὶ
610 1594 725 1634 αὐτοῦ
750 1598 866 1647 κῆρας
893 1595 1040 1646 ἀμύνει·

104 1659 164 1699 καὶ
189 1663 255 1701 νῦν
284 1658 510 1709 ἐξεσάωσεν
538 1661 715 1711 ὀϊόμενον
742 1660 963 1701 θανέεσθαι.

102 1725 191 1766 ἀλλ’
216 1726 301 1778 ἤτοι
325 1728 411 1777 νίκη
438 1728 509 1777 μὲν
536 1727 747 1778 ἀρηϊφίλου
774 1727 993 1768 Μενελάου·

101 1791 210 1843 ἡμεῖς
235 1795 276 1834 δὲ
296 1793 517 1845 φραζώμεθ’
544 1794 649 1834 ὅπως
675 1793 787 1833 ἔσται
811 1793 902 1834 τάδε
927 1793 1033 1846 ἔργα,

101 1857 125 1908 ἥ
147 1857 186 1910 ῥ’
212 1859 316 1902 αὖτις
340 1860 514 1910 πόλεμόν
543 1876 584 1900 τε
611 1859 727 1900 κακὸν
753 1861 814 1900 καὶ
840 1860 1014 1911 φύλοπιν
1038 1859 1150 1909 αἰνὴν
1387 1873 1422 1903 15

103 1925 282 1976 ὄρσομεν,
310 1925 333 1975 ἦ
359 1927 555 1979 φιλότητα
582 1926 665 1977 μετ’
691 1925 950 1978 ἀμφοτέροισι
975 1925 1175 1977 βάλωμεν.

103 1991 135 2030 εἰ
160 1990 192 2032 δ’
217 1991 263 2032 αὗ
287 2009 368 2034 πως
394 1993 481 2033 τόδε
506 1996 604 2034 πᾶσι
631 1993 751 2045 φίλον
777 1993 838 2033 καὶ
863 1992 933 2043 ἡδὺ
956 1991 1121 2044 γένοιτο,

101 2055 185 2107 ἤτοι
208 2060 279 2108 μὲν
304 2057 467 2099 οἰκέοιτο
493 2060 608 2101 πόλις
635 2058 830 2111 Πριάμοιο
854 2058 1032 2104 ἄνακτος,

103 2123 207 2165 αὖτις
232 2123 264 2164 δ’
290 2123 472 2177 Ἀργείην
497 2124 667 2175 Ἑλένην
693 2125 899 2166 Μενέλαος
925 2124 1100 2177 ἄγοιτο.”

161 2187 239 2232 ΔΩς
264 2190 391 2243 ἔφαθ’,
419 2193 457 2232 αἱ
483 2191 515 2231 δ’
542 2189 737 2242 ἐπέμυξαν
762 2191 951 2241 Ἀθηναίη
976 2208 1017 2231 τε
1043 2191 1105 2230 καὶ
1122 2188 1244 2241 “Ηρη·
1382 2204 1421 2225 20

102 2256 268 2305 πλησίαι
292 2256 392 2308 αἵγ’
418 2258 557 2308 ἥσθην,
587 2259 683 2297 κακὰ
708 2259 748 2298 δὲ
772 2258 960 2309 Τρώεσσι
984 2256 1193 2307 μεδέσθην.

143 2358 163 2388 3
185 2349 353 2390 ἐνῳνοχόει
367 2360 395 2381 ν.
407 2350 428 2381 1.
441 2355 509 2381 ant.
526 2352 550 2390 (ἓ
564 2350 681 2391 Zen.):
707 2352 785 2383 ἐοιν-
800 2350 843 2381 U¹
940 2359 975 2389 15
996 2350 1023 2391 ῥ’
1039 2347 1163 2398 otu-19⁴
1174 2353 1199 2380 h
1213 2349 1307 2380 Eust.
1320 2348 1361 2379 al.

105 2405 140 2435 17
165 2397 201 2429 αὖ
224 2410 288 2430 πως
312 2397 393 2430 An:
420 2401 520 2431 αὔτως
545 2399 745 2439 Aristoph.:
777 2400 878 2431 αὔτως
903 2399 955 2429 vel
981 2399 1081 2431 αὕτως
1107 2398 1202 2428 codd.
1295 2395 1422 2437 γένοιτο

102 2438 271 2481 Aristoph.
289 2442 383 2472 codd.
403 2453 409 2472 ε
434 2441 566 2474 πέλοιτο
583 2442 645 2473 Ar.
