1660 2802
644 162 676 195 7.
752 156 1010 194 ΙΛΙΑΔΟΣ
1061 158 1097 194 H

204 259 318 311 τόφρ’
344 259 451 310 ὑμεῖς
478 259 645 313 εὔχεσθε
673 259 740 299 Διὶ
768 259 960 311 Κρονίωνι
986 258 1134 305 ἄνακτι,

206 332 300 382 σιγῇ
327 325 390 377 ἐφ’
417 327 573 376 ὑμείων,
603 326 666 366 ἵνα
690 325 741 375 μὴ
767 325 900 377 Τρῶές
925 343 970 378 γε
996 326 1204 372 πύθωνται,
1470 341 1529 372 195

186 392 248 442 ’ἠὲ
276 392 337 431 καὶ
364 392 578 443 ἀμφαδίην,
608 393 693 432 ἐπεὶ
721 392 764 432 οὔ
789 408 876 432 τινα
902 393 1073 443 δείδιμεν
1099 393 1237 444 ἔμπης·

204 458 248 498 οὐ
273 458 347 510 γάρ
373 459 431 500 τίς
455 475 503 509 με
528 459 599 514 βίῃ
626 475 672 511 γε
698 459 797 499 ἑκὼν
824 457 990 499 ἀέκοντα
1016 459 1155 510 δίηται,

205 524 293 564 οὐδέ
318 541 354 564 τι
381 526 514 580 ἰδρείῃ,
544 526 629 565 ἐπεὶ
655 524 734 564 οὐδ’
763 527 831 575 ἐμὲ
857 523 970 575 νήϊδά
995 524 1033 577 γ’
1060 526 1180 566 οὕτως

204 591 375 641 ἔλπομαι
402 592 442 630 ἐν
469 594 663 641 Σαλαμῖνι
688 591 876 643 γενέσθαι
901 609 943 632 τε
968 591 1168 644 τραφέμεν
1193 592 1274 632 τε.”

264 655 342 698 “525
369 657 496 709 ἔφαθ’,
525 659 559 698 οἱ
585 657 617 697 δ’
644 658 809 711 εὔχοντο
837 659 903 698 Διὶ
932 660 1124 710 Κρονίωνι
1150 658 1299 699 ἄνακτι·
1465 674 1528 695 200

204 724 278 763 ὧδε
304 723 346 763 δέ
372 740 428 764 τις
455 725 638 764 εἴπεσκεν
666 725 757 764 ἰδὼν
784 726 838 766 εἰς
865 723 1029 776 οὐρανὸν
1056 724 1181 777 εὐρύν·

206 791 230 806 “
249 792 325 829 Ζεῦ
349 789 483 842 πάτερ,
505 790 662 841 Ἴδηθεν
687 790 849 841 μεδέων,
880 791 1036 831 κύδιστε
1060 790 1238 843 μέγιστε,

204 855 269 897 δὸς
295 857 404 906 νίκην
431 858 570 896 Αἴαντι
598 858 659 897 καὶ
686 857 838 909 ἀγλαὸν
865 857 979 910 εὖχος
1005 857 1182 910 ἀρέσθαι·

205 924 237 962 εἰ
263 925 304 962 δὲ
332 924 392 963 καὶ
411 921 586 975 ΓΈκτορά
612 940 684 975 περ
710 922 863 975 φιλέεις
891 924 952 963 καὶ
979 923 1111 974 κήδεαι
1136 925 1265 974 αὐτοῦ,

204 990 296 1039 ’ίσην
322 988 584 1041 ἀμφοτέροισι
609 990 706 1040 βίην
733 991 794 1030 καὶ
822 993 933 1031 κῦδος
959 990 1183 1030 ὅπασσον.”
1466 1004 1529 1035 205

264 1054 344 1096 ιχΩς
370 1055 428 1107 ἄρ’
455 1056 569 1107 ἔφαν,
599 1057 695 1097 Α’ίας
722 1059 762 1097 δὲ
790 1057 1009 1108 κορύσσετο
1034 1057 1181 1108 νώροπι
1207 1061 1357 1111 χαλκῷ.

205 1121 324 1172 αὐτὰρ
350 1123 434 1162 ἐπεὶ
461 1122 505 1171 δὴ
533 1122 661 1162 πάντα
686 1123 773 1174 περὶ
799 1123 891 1176 χροῒ
915 1124 1066 1163 ἕσσατο
1091 1123 1246 1176 τεύχεα,

205 1187 335 1227 σεύατ’
362 1188 482 1228 ἔπειθ’
509 1189 590 1229 οἶός
615 1206 657 1228 τε
684 1189 877 1240 πελώριος
903 1189 1058 1243 ἔρχεται
1077 1189 1213 1241 ”Αρης,

205 1255 247 1295 ὅς
271 1253 305 1294 τ’
331 1254 432 1294 εἶσιν
459 1255 681 1305 πόλεμόνδε
704 1254 788 1306 μετ’
815 1254 968 1306 ἀνέρας,
997 1257 1061 1297 οὕς
1086 1271 1129 1296 τε
1156 1255 1334 1307 Κρονίων

205 1321 428 1372 θυμοβόρου
453 1321 578 1372 ἔριδος
603 1320 711 1371 μένεϊ
736 1320 896 1371 ξυνέηκε
920 1320 1133 1375 μάχεσθαι.
1470 1335 1530 1357 210

204 1390 309 1427 τοῖος
333 1386 393 1438 ἄρ’
420 1388 516 1428 Αἴας
542 1385 642 1438 ὦρτο
668 1388 873 1439 πελώριος,
903 1388 1014 1439 ἕρκος
1039 1387 1227 1441 Ἀχαιῶν,

204 1453 386 1503 μειδιόων
411 1457 653 1505 βλοσυροῖσι
678 1454 930 1505 προσώπασι·
971 1453 1082 1506 νέρθε
1108 1456 1149 1494 δὲ
1176 1453 1326 1494 ποσσὶν

204 1518 267 1572 ἤϊε
290 1521 417 1570 μακρὰ
442 1518 582 1570 βιβάς,
612 1518 788 1571 κραδάων
814 1521 1071 1573 δολιχόσκιον
1097 1520 1229 1574 ἔγχος.

206 1585 273 1625 τὸν
299 1588 340 1625 δὲ
367 1586 428 1625 καὶ
454 1585 628 1638 Ἀργεῖοι
653 1588 725 1636 μὲν
752 1584 916 1638 ἐγήθεον
942 1586 1210 1638 εἰσορόωντες,

204 1654 343 1703 Τρῶας
368 1653 409 1691 δὲ
434 1651 576 1702 τρόμος
602 1652 709 1693 αἰνὸς
734 1651 909 1702 ὑπήλυθε
933 1656 1024 1705 γυῖα
1050 1653 1230 1698 ἕκαστον,
1468 1664 1529 1696 2¹5

198 1715 365 1769 ’Έκτορί
387 1717 421 1757 τ’
447 1717 548 1772 αὐτῷ
575 1718 692 1769 θυμὸς
718 1718 775 1758 ε’νὶ
801 1717 997 1768 στήθεσσι
1023 1718 1244 1760 πάτασσεν·

207 1782 299 1823 ἀλλ’
324 1783 369 1823 οὔ
394 1800 475 1824 πως
501 1783 558 1824 ἔτι
583 1783 691 1837 εἶχεν
715 1783 930 1836 ὑποτρέσαι
954 1784 1035 1825 οὐδ’
1061 1786 1248 1826 ἀναδῦναι

206 1849 269 1902 ἂψ
292 1854 400 1889 λαῶν
426 1851 465 1891 ἐς
490 1851 642 1900 ὅμιλον,
671 1851 755 1891 ἐπεὶ
782 1850 1089 1902 προκαλέσσατο
1115 1850 1261 1906 χάρμῃ.

208 1917 304 1956 Αἴας
330 1915 363 1955 δ’
388 1916 553 1968 ἐγγύθεν
580 1917 677 1966 ἦλθε
703 1916 835 1969 φέρων
861 1917 983 1959 σάκος
1007 1917 1098 1967 ἠΰτε
1123 1918 1286 1970 πύργον,

206 1981 380 2034 χάλκεον
407 1983 657 2033 ἑπταβόειον,
685 1984 707 2022 ὅ
732 1985 768 2024 οἱ
792 1983 938 2037 Τυχίος
964 1983 1063 2034 κάμε
1086 1984 1250 2037 τεύχων,
1465 1995 1527 2017 220

207 2047 460 2098 σκυτοτόμων
486 2047 548 2101 ὄχ’
573 2048 745 2100 ἄριστος,
765 2048 871 2105 ’Ὕλῃ
897 2049 954 2090 ἔνι
979 2051 1081 2090 οἶκία
1106 2051 1238 2095 ναίων,
1415 2046 1418 2048 ’

206 2115 248 2155 ὅς
273 2116 309 2154 οἳ
335 2115 522 2164 ἐποίησεν
548 2114 669 2157 σάκος
695 2116 832 2156 αἰόλον
859 2116 1096 2166 ἑπταβόειον

248 2212 396 2241 195—199
419 2202 486 2233 ath.
505 2202 585 2233 Zen.
606 2202 775 2241 Aristoph.
793 2202 853 2234 Ar.
997 2212 1055 2242 195
1079 2215 1119 2243 ’γε
1136 2201 1312 2243 πύθωνται]
1329 2201 1529 2234 πεπύθωνται

205 2244 245 2275 L⁹
254 2245 301 2276 Ο6
313 2244 359 2275 U9
370 2244 413 2275 V⁰
423 2244 485 2275 V²2
622 2256 680 2284 107
705 2245 801 2286 ἑκὼν]
820 2247 903 2277 ἑλὼν
919 2245 980 2277 ΑΓ.
1003 2247 1069 2284 (καὶ
1087 2247 1119 2276 αἱ
1134 2246 1276 2286 πλείους)
1292 2255 1311 2276 c
1322 2249 1382 2282 gh
1397 2244 1439 2276 al.

206 2289 264 2327 198
288 2302 321 2320 τι
335 2289 432 2329 ἰδρείῃ
448 2287 506 2318 Ar.
522 2298 528 2317 :
557 2287 616 2327 μὲν
634 2289 730 2330 ἰδρείῃ
744 2288 919 2328 Aristoph.
936 2300 944 2319 :
967 2287 997 2321 τ’
1012 2289 1130 2330 ἆϊδρείῃ
1150 2289 1247 2320 codd.
1339 2298 1402 2327 207
1426 2287 1529 2328 τεύχη

203 2332 301 2361 codd.
320 2336 455 2370 praeter
471 2331 501 2361 A
519 2341 562 2361 ss,
692 2341 755 2370 213
779 2332 874 2369 βιβάς
891 2332 950 2363 Ar.
970 2332 1068 2363 codd.
1089 2332 1144 2372 (cf.
1164 2337 1185 2363 Γ
1201 2332 1258 2371 22)
1385 2340 1447 2369 214
1471 2330 1529 2370 μὲν

203 2374 263 2405 Ar.
280 2385 287 2405 :
311 2374 383 2415 με’-γ’
397 2374 495 2404 codd.
596 2384 656 2413 215
682 2375 819 2412 ἐπήλυθε
837 2375 891 2406 cit.
909 2376 994 2407 Plut.
1009 2376 1050 2406 de
1069 2375 1143 2406 aud.
1160 2379 1249 2414 poet.
1263 2384 1305 2414 30
1315 2385 1344 2415 a,
1360 2372 1452 2404 nV¹2

205 2427 264 2447 221
286 2416 478 2459 ’”ῐ“λῃ]“”ϊ“δῃ
497 2427 526 2448 v.
543 2418 561 2448 l.
584 2427 636 2456 ap.
658 2418 766 2449 strab.
787 2420 862 2457 408,
881 2420 946 2449 626
