1624 2802
559 130 595 165 9.
669 125 927 163 ΙΑΙΑΔΟΣ
979 126 993 162 1

116 229 189 278 νῆα
213 225 300 269 ἅλις
324 230 474 281 χρυσοῦ
499 228 562 268 καὶ
586 232 737 282 χαλκοῦ
763 228 978 279 νηησάσθω

117 294 320 340 εἰσελθών,
347 294 414 335 ὅτε
440 311 504 335 κεν
529 296 754 346 δατεώμεθα
779 295 880 346 ληΐδ’
906 295 1075 350 Ἀχαιοί,

115 359 318 412 Τρωϊάδας
341 362 382 401 δὲ
409 365 592 413 γυναῖκας
618 361 789 402 ἐείκοσιν
816 362 931 404 αὐτὸς
958 360 1126 409 ἑλέσθω,

117 427 159 467 αἵ
182 443 223 467 κε
246 426 329 477 μετ’
355 426 539 480 Ἀργείην
564 426 734 479 Ἑλένην
762 428 973 469 κάλλισται
998 428 1131 469 ἔωσιν.
1375 442 1434 472 140

118 494 150 534 εἰ
175 490 216 533 δέ
243 510 308 533 κεν
327 492 477 546 ’Ἄργος
505 494 666 546 ἱκοίμεθ’
693 494 909 549 Ἀχαιϊκόν,
937 495 1055 547 οὖθαρ
1081 495 1258 547 ἀρούρης,

117 560 294 612 γαμβρός
321 557 387 601 κέν
410 577 477 611 μοι
502 561 572 601 ἔοι·
612 561 730 602 τείσω
758 560 799 602 δέ
824 579 890 613 μιν
914 561 1006 601 ἶσον
1031 559 1218 618 Ὀρέστῃ,

117 626 158 668 ὅς
183 643 248 677 μοι
272 627 487 679 τηλύγετος
512 626 699 680 τρέφεται
725 629 842 684 θαλίῃ
869 628 924 669 ἔνι
949 633 1095 684 πολλῇ.

118 696 218 744 τρεῖς
243 690 285 733 δέ
308 695 378 744 μοί
399 695 477 734 εἶσι
504 694 690 747 θύγατρες
717 695 774 735 ε’νὶ
797 694 954 749 μεγάρῳ
981 693 1171 749 εὐπήκτῳ,

118 759 364 811 Χρυσόθεμις
389 761 451 800 καὶ
478 762 646 811 Λαοδίκη
675 762 736 802 καὶ
761 761 1017 814 Ἰφιάνασσα,
1377 774 1437 804 145

117 825 220 865 τάων
244 826 292 876 ἥν
319 825 351 866 κ’
378 825 543 883 ἐθέλῃσι
568 829 691 880 φίλην
717 828 906 869 ἀνάεδνον
931 826 1088 881 ἀγέσθω

119 891 213 943 πρὸς
238 891 345 933 οῖκον
372 896 548 944 Πηλῆος·
587 893 666 946 ἐγὼ
692 894 724 934 δ’
752 894 815 935 ἐπὶ
841 895 974 945 μείλια
999 895 1113 934 δώσω

118 960 250 999 πολλὰ
275 959 381 1010 μάλ’,
410 960 501 1000 ὅσσ’
528 961 573 1000 οὕ
597 961 656 1000 πώ
681 978 739 1002 τις
764 964 808 1018 ἑῇ
834 959 1005 1001 ἐπέδωκε
1031 961 1204 1013 θυγατρί·

119 1027 216 1066 ἑπτὰ
242 1023 284 1065 δέ
301 1028 345 1066 ὀἱ
371 1026 486 1066 δώσω
512 1027 552 1067 εὖ
578 1028 764 1078 ναιόμενα
789 1028 1016 1079 πτολίεθρα,

120 1092 379 1143 Καρδαμύλην
406 1092 578 1143 Ἐνόπην
602 1110 644 1133 τε
669 1095 730 1134 καὶ
755 1093 858 1146 Ἱρὴν
883 1093 1117 1143 ποιήεσσαν,
1379 1106 1439 1135 150

119 1158 252 1211 Φηράς
278 1175 319 1199 τε
348 1157 486 1210 ζαθέας
510 1159 568 1209 ἠδ’
589 1159 777 1200 ’Ἄνθειαν
801 1160 1059 1211 βαθύλειμον,

120 1224 243 1276 καλήν
267 1225 301 1264 τ’
329 1227 493 1267 Αἴπειαν
520 1227 582 1266 καὶ
608 1226 800 1277 Πήδασον
825 1227 1124 1277 ἀμπελόεσσαν.

120 1294 244 1332 πᾶσαι
268 1291 300 1331 δ’
327 1292 443 1345 ἐγγὺς
469 1293 576 1338 ἁλός,
604 1292 738 1333 νέαται
763 1294 901 1333 Πύλου
926 1293 1177 1343 ἠμαθόεντος·

120 1359 162 1398 ἐν
187 1357 219 1398 δ’
245 1357 383 1410 ἄνδρες
408 1360 562 1400 ναίουσι
586 1360 827 1412 πολύρρηνες
852 1363 1111 1410 πολυβοῦται,

120 1425 159 1464 οἵ
181 1423 223 1465 κέ
246 1427 263 1465 ἑ
289 1425 476 1481 δωτίνῃσι
501 1426 590 1466 θεὸν
616 1427 666 1467 ὣς
689 1426 902 1477 τιμήσουσι
1379 1437 1437 1467 155

121 1493 186 1531 καί
206 1493 241 1532 οἱ
266 1491 340 1532 ὑπὸ
367 1491 551 1547 σκήπτρῳ
577 1494 747 1544 λιπαρὰς
771 1492 953 1533 τελέουσι
979 1491 1177 1542 θέμιστας.

120 1557 238 1598 ταῦτά
265 1558 306 1598 κέ
331 1560 367 1599 οἱ
393 1558 600 1610 τελέσαιμι
625 1558 917 1609 μεταλλήξαντι
942 1559 1093 1612 χόλοιο.

121 1623 495 1675 δμηθήτω-Ἀίδης
519 1642 580 1665 τοι
605 1626 809 1679 ἀμείλιχος
834 1625 892 1675 ἠδ’
918 1624 1157 1675 ἀδάμαστος·

120 1691 282 1732 τοῦνεκα
307 1693 373 1732 καί
394 1708 435 1731 τε
459 1696 644 1743 βροτοῖσι
669 1694 767 1732 θεῶν
793 1692 977 1745 ἔχθιστος
1000 1690 1241 1731 ἁπάντων-

123 1759 187 1798 καί
207 1775 271 1810 μοι
295 1757 517 1808 ὑποστήτω,
546 1760 673 1798 ὅσσον
698 1758 982 1810 βασιλεύτερός
1008 1759 1086 1807 εἰμι
1380 1759 1439 1790 160

122 1823 178 1873 ἠδ’
204 1825 330 1865 ὅσσον
356 1831 472 1882 γενεῇ
498 1824 807 1877 προγενέστερος
834 1825 998 1878 εὔχομαι
1024 1822 1160 1864 εἶναι.”

185 1890 266 1931 Τὸν
291 1891 323 1932 δ’
349 1891 526 1942 ἠμείβετ’
554 1892 689 1932 ἔπειτα
715 1890 898 1942 Γερήνιος
924 1891 1068 1931 ἱππότα
1094 1888 1274 1939 Νέστωρ·

125 1958 148 1974 “
166 1956 343 2009 Ἀτρεΐδη
371 1958 538 2003 κύδιστε,
565 1956 668 2008 ἄναξ
689 1958 840 2010 ἀνδρῶν
864 1956 1126 2008 Ἀγάμεμνον,

123 2025 226 2074 δῶρα
248 2026 320 2075 μὲν
344 2023 470 2064 οὐκέτ’
495 2025 642 2064 ὀνοστὰ
667 2026 786 2065 διδοῖς
811 2023 971 2076 Ἀχιλῆϊ
996 2022 1144 2063 ἄνακτι·

123 2088 214 2129 ἀλλ’
239 2089 365 2142 ἄγετε,
394 2090 557 2140 κλητοὺς
582 2090 806 2142 ὀτρύνομεν,
834 2091 873 2129 οἵ
897 2106 937 2129 κε
962 2088 1135 2141 τάχιστα
1379 2089 1437 2126 165

170 2186 226 2215 137
251 2180 377 2218 χαλκοῦ
395 2179 444 2210 καὶ
461 2181 584 2220 χρυσοῦ
600 2178 743 2210 deer
757 2179 783 2209 C
882 2188 942 2217 140
965 2180 999 2210 αἵ
1012 2192 1048 2210 τε
1067 2176 1265 2216 ng¹V¹2
1357 2189 1415 2216 ¹40
1428 2191 1446 2209 a

124 2220 182 2257 τὴν
200 2221 261 2262 γὰρ
278 2222 330 2253 ἀπ’
345 2221 433 2254 αὖτις
450 2223 514 2262 ἐγὼ
531 2223 621 2253 δώσω
638 2226 736 2263 ξανθῷ
754 2222 907 2261 Μενελάῳ
924 2222 1060 2261 quidam
1076 2225 1143 2252 ant.
1241 2232 1296 2260 153
1319 2221 1442 2263 νέαται]

124 2261 233 2295 κέαται
249 2262 359 2304 Apoll.
382 2264 483 2304 Dysc‚
505 2264 748 2304 <Apollodorus
772 2265 842 2296 sch.
862 2265 903 2305 T)
920 2269 959 2295 il
1094 2273 1152 2303 155
1176 2264 1366 2304 τιμήσονται
1384 2265 1441 2296 ΑΓ.

123 2305 245 2335 chV³2
398 2308 456 2346 158
481 2309 655 2348 καμφθήτω
672 2308 752 2339 Zen.
770 2308 943 2348 Aristoph.
1097 2317 1185 2346 159a
1201 2309 1304 2340 οὕνεκ’
1324 2309 1393 2341 ἐπεί
1409 2322 1443 2340 κε

124 2348 245 2391 λάβῃσι
262 2349 368 2392 πέλωρ
387 2351 456 2391 ἔχει
474 2352 538 2383 οὐδ’
557 2352 682 2390 ἀνίησιν
701 2352 836 2391 quidam
853 2357 919 2383 ant.
1258 2393 1313 2424 1⁷*

1277 2398 1294 2425 2
