1624 2802
545 129 603 164 12.
676 123 937 161 ΙΛΙΑΔΟΣ
984 125 1025 161 Μ

124 225 251 279 ὦρσεν
276 225 341 267 ἀπ’
366 225 517 267 Ἰδαίων
542 225 663 278 ὀρέων
687 225 845 277 ἀνέμοιο
871 227 1053 272 θύελλαν,

125 294 149 344 ἥ
172 293 209 345 ῥ’
237 292 319 335 ἰθὺς
343 297 445 343 νηῶν
471 294 601 342 κονίην
627 292 760 344 φέρεν·
798 292 919 344 αὐτὰρ
944 293 1117 345 Ἀχαιῶν

127 358 246 411 θέλγε
271 360 373 405 νόον,
399 360 558 410 Τρωσὶν
583 360 623 399 δὲ
650 360 711 399 καὶ
730 357 893 410 ’Έκτορι
919 362 1028 400 κῦδος
1053 359 1185 408 ὄπαζε.
1383 371 1444 402 255

127 429 192 465 τοῦ
216 442 288 477 περ
313 425 358 476 δὴ
382 425 572 477 τεράεσσι
596 426 826 466 πεποιθότες
849 424 918 474 ἠδὲ
941 426 1063 476 βίηφι

126 490 345 544 ῥήγνυσθαι
367 491 471 543 μέγα
494 494 624 544 τεῖχος
650 490 824 543 Ἀχαιῶν
849 489 1080 542 πειρήτιζον.

130 558 302 610 κρόσσας
325 559 398 608 μὲν
422 558 580 610 πύργων
605 557 728 609 ἔρυον,
758 557 818 596 καὶ
843 556 998 608 ἔρειπον
1021 555 1216 606 ἐπάλξεις,

130 623 280 674 στήλας
304 640 346 664 τε
371 626 602 676 προβλῆτας
628 624 835 676 ἐμόχλεον,
863 624 906 665 ἃς
931 623 990 675 ἄρ’
1015 623 1170 675 Ἀχαιοὶ

129 690 284 743 πρώτας
310 692 352 731 ἐν
376 692 468 746 γαίῃ
495 689 616 730 θέσαν
641 690 802 741 ἔμμεναι
827 689 979 742 ἔχματα
1002 689 1172 741 πύργων.
1388 692 1450 723 260

130 759 199 799 τὰς
223 757 264 797 οἵ
284 756 321 809 γ’
346 756 519 808 αὐέρυον,
548 757 718 797 ἔλποντο
742 758 784 796 δὲ
809 760 941 809 τεῖχος
966 756 1140 808 Ἀχαιῶν

131 822 274 875 ῥήξειν·
313 822 402 863 οὐδέ
427 823 473 864 νύ
497 839 556 863 πω
585 823 736 863 Δαναοὶ
761 821 928 875 χάζοντο
954 822 1150 867 κελεύθου,

133 888 223 929 ἀλλ’
249 890 289 929 οἵ
310 907 355 942 γε
377 890 523 941 ῥινοῖσι
548 893 656 940 βοῶν
680 887 900 941 φράξαντες
925 887 1108 938 ἐπάλξεις

134 955 292 1007 βάλλον
317 955 383 996 ἀπ’
409 955 562 996 αὐτάων
587 954 715 1006 δηΐους
739 954 813 995 ὑπὸ
837 959 969 1008 τεῖχος
995 955 1136 995 ἰόντας.

201 1021 433 1074 Ἀμφοτέρω
459 1022 491 1062 δ’
518 1023 660 1063 Αἴαντε
687 1020 952 1062 κελευτιόωντ’
978 1020 1041 1061 ἐπὶ
1066 1021 1223 1072 πύργων
1395 1022 1454 1061 265

137 1087 309 1130 πάντοσε
334 1087 538 1141 φοιτήτην,
565 1088 681 1140 μένος
705 1088 930 1139 ὀτρύνοντες
954 1086 1140 1139 Ἀχαιῶν.

137 1155 263 1195 ἄλλον
286 1155 510 1208 μειλιχίοις,
537 1154 663 1195 ἄλλον
688 1158 864 1205 στερεοῖς
889 1152 1054 1194 ἐπέεσσι

140 1223 300 1267 νείκεον,
327 1222 371 1262 ὅν
396 1238 484 1261 τινα
508 1220 641 1274 πάγχυ
665 1220 794 1273 μάχης
818 1218 1002 1270 μεθιέντα
1027 1220 1157 1259 ἴδοιεν·

142 1291 167 1305 “
184 1285 213 1327 ὦ
238 1288 364 1340 φίλοι,
392 1287 580 1339 Ἀργείων
605 1288 646 1329 ὅς
670 1286 702 1326 τ’
729 1285 868 1339 ἔξοχος
893 1287 934 1327 ὅς
959 1303 1001 1326 τε
1024 1284 1184 1335 μεσήεις

141 1355 183 1396 ὅς
208 1371 250 1394 τε
274 1354 529 1407 χερειότερος,
558 1354 643 1393 ἐπεὶ
667 1353 711 1392 οὕ
737 1370 794 1392 πω
821 1352 964 1393 πάντες
990 1353 1116 1402 ὁμοῖοι
1402 1362 1462 1391 270

143 1419 277 1472 ἀνέρες
303 1422 344 1460 ἐν
368 1419 540 1474 πολέμῳ,
567 1423 635 1459 νῦν
661 1419 803 1459 ἔπλετο
829 1419 945 1470 ἔργον
969 1416 1107 1458 ἅπασι·

11 1493 22 1528 ’ἱ
145 1487 206 1527 καὶ
230 1486 262 1526 δ’
288 1486 395 1526 αὐτοὶ
419 1486 508 1526 τόδε
532 1502 606 1525 που
630 1485 882 1537 γιγνώσκετε.
953 1483 1003 1534 μή
1030 1501 1087 1525 τις
1112 1484 1268 1523 ὀπίσσω

18 1540 22 1548 ⁴
144 1552 350 1605 τετράφθω
377 1553 466 1593 ποτὶ
492 1554 585 1602 νῆας
610 1552 878 1602 ὁμοκλητῆρος
903 1550 1085 1595 ἀκούσας,

146 1620 252 1659 ἀλλὰ
277 1619 414 1671 πρόσω
440 1619 549 1659 ἵεσθε
575 1618 636 1658 καὶ
661 1616 878 1666 ἀλλήλοισι
903 1616 1081 1661 κέλεσθε,

147 1687 189 1726 αἵ
212 1702 253 1726 κε
279 1685 378 1727 Ζεὺς
404 1685 551 1741 δώῃσιν
577 1684 794 1734 Ὀλύμπιος
820 1682 1093 1734 ἀστεροπητὴς
1406 1692 1465 1724 275

148 1755 273 1794 νεῖκος
298 1750 580 1802 ἀπωσαμένους
606 1749 734 1800 δηΐους
759 1750 871 1801 προτὶ
896 1748 994 1788 άστυ
1019 1746 1213 1788 δίεσθαι.”

0 1835 4 2040 1
209 1816 289 1860 ΔΩς
313 1818 365 1858 τώ
391 1835 436 1870 γε
461 1820 691 1869 προβοῶντε
715 1816 847 1868 μάχην
873 1816 1041 1866 ὤτρυνον
1066 1813 1251 1866 Ἀχαιῶν,

17 1718 35 1800 ὅκκ’,

149 1888 227 1925 τῶν
252 1883 298 1931 δ’,
326 1884 377 1926 ὥς
401 1901 443 1924 τε
469 1883 631 1936 νιφάδες
656 1883 790 1935 χιόνος
816 1883 989 1922 πίπτωσι
1014 1880 1167 1931 θαμειαὶ

150 1951 269 2002 ἤματι
292 1951 490 2004 χειμερίῳ,
518 1951 583 1990 ὅτε
607 1948 640 1989 τ’
666 1949 785 2000 ὤρετο
810 1949 973 1999 μητίετα
998 1946 1095 1988 Ζεὺς

153 2017 330 2070 νιφέμεν,
358 2016 602 2068 ἀνθρώποισι
626 2016 947 2068 πιφαυσκόμενος
971 2015 1019 2053 τὰ
1043 2013 1066 2053 ἃ
1092 2014 1206 2062 κῆλα·
1412 2015 1472 2045 280

155 2082 344 2134 κοιμήσας
370 2082 403 2123 δ’
430 2082 593 2133 ἀνέμους
618 2081 702 2135 χέει
728 2082 908 2132 ἔμπεδον,
936 2081 1042 2131 ὄφρα
1068 2078 1228 2132 καλύψῃ

155 2151 322 2202 ὑψηλῶν
348 2149 470 2201 ὀρέων
495 2150 670 2200 κορυφὰς
697 2148 757 2187 καὶ
782 2147 959 2198 πρώονας
984 2145 1121 2196 ἄκρους

202 2253 263 2282 273
289 2242 426 2274 ἀκούσας
443 2242 635 2279 cdkqu
654 2241 715 2273 aL:
741 2240 861 2272 ἀκούων
878 2239 965 2277 vulg.
1093 2238 1154 2275 276
1179 2239 1262 2268 νῖκος
1280 2236 1336 2266 Ar.
1358 2235 1439 2266 esss
1455 2237 1479 2266 C

159 2287 199 2317 Ι]
214 2285 268 2317 L1⁴2
283 2284 508 2316 O5TV2⁰V²³
598 2295 658 2323 277
684 2284 865 2325 προβάοντε
882 2282 940 2313 ΛΓ.
962 2281 1048 2321 (κατ)
1066 2281 1133 2312 ἔνια
1153 2284 1218 2312 τῶν
1235 2279 1480 2319 ὑπομνημάτων)

244 2329 376 2370 ἀχαιούς
391 2329 431 2359 L⁴
446 2328 505 2359 M11
591 2329 653 2366 278
671 2327 810 2368 θαμειαὶ]
827 2326 914 2368 ἔραζε
928 2324 984 2356 L¹⁹
998 2325 1040 2354 Νι
1054 2334 1093 2354 m.
1109 2334 1132 2355 r.
1145 2323 1172 2354 T
1250 2324 1307 2353 281
1329 2321 1480 2363 ἔμπεδον]

159 2374 299 2406 ἄσπετον
317 2372 446 2404 Massil.

1293 2409 1352 2442 17*
