1624 2802
564 120 598 155 8.
672 118 929 155 JAIAAOE
978 119 1016 155 Θ

132 221 234 261 ἀλλὰ
260 219 308 259 σὺ
333 220 404 269 μὲν
430 222 496 258 νῦν
520 222 612 259 νῶϊν
639 220 797 260 ἐπέντυε
822 222 1004 274 μώνυχας
1030 223 1182 268 ἵππους,

131 285 219 339 ὄφρ’
243 285 290 325 ἂν
316 286 393 337 ἐγὼ
420 288 618 325 καταδῦσα
643 286 740 328 Διὸς
765 288 887 337 δόμον
911 288 1106 340 αἰγιόχοιο
1389 302 1445 332 375

130 352 311 405 τεύχεσιν
332 353 370 393 ἐς
395 352 570 402 πόλεμον
596 351 831 403 θωρήξομαι,
860 355 966 405 ὄφρα
991 355 1128 404 ἴδωμαι

130 415 152 469 ἢ
177 421 246 458 νῶϊ
271 417 466 469 Πριάμοιο
492 417 584 460 πάϊς
611 420 866 471 κορυθαίολος
884 418 1041 470 ’Έκτωρ

130 484 295 537 γηθήσει
320 484 569 536 προφανέντε
594 485 669 525 ἀνὰ
694 484 908 535 πτολέμοιο
933 486 1119 537 γεφύρας,

131 550 153 600 ἧ
176 567 232 592 τις
257 551 318 591 καὶ
343 551 489 601 Τρώων
515 550 640 602 κορέει
665 551 780 592 κύνας
805 551 864 600 ἠδ’
890 552 1051 593 οἰωνοὺς

130 620 233 671 δημῷ
260 618 321 657 καὶ
347 616 556 669 σάρκεσσι,
585 618 720 658 πεσὼν
748 618 812 658 ἐπὶ
838 618 977 667 νηυσὶν
1003 617 1216 670 Ἀχαιῶι).”

188 682 266 725 ὃΩς
291 683 417 736 ἔφατ’,
446 683 525 723 οὐδ’
551 684 724 734 ἀπίθησε
749 686 818 724 θεὰ
843 684 1087 725 λευκώλενος
1104 683 1226 735 ἽΙρη.

129 751 151 801 ἡ
174 752 245 801 μὲν
270 749 508 804 ἐποιχομένη
534 750 817 804 χρυσάμπυκας
843 751 975 791 ἔντυεν
1000 752 1141 791 ἵππους

123 816 242 868 “Ηρη,
270 816 430 868 πρέσβα
454 816 536 863 θεά,
565 816 738 870 θυγάτηρ
761 816 953 869 μεγάλοιο
980 818 1161 869 Κρόνοισ

130 883 246 935 αὐτὰρ
271 883 458 934 Ἀθηναίη
480 884 595 935 κούρη
623 883 719 926 Διὸς
743 884 939 937 αἰγιόχοιο

131 949 281 990 πέπλον
305 951 376 1001 μὲν
402 949 610 1003 κατέχευεν
635 949 749 991 ἑανὸν
775 949 920 1002 πατρὸς
945 949 1004 990 ἐπ’
1031 950 1135 990 οὔδει
1390 954 1448 993 385

131 1017 322 1062 ποικίλον,
348 1017 394 1056 ὅν
418 1016 457 1067 ῥ’
482 1017 578 1067 αὐτὴ
605 1016 800 1068 ποιήσατο
827 1017 888 1057 καὶ
915 1015 1012 1067 κάμε
1038 1017 1191 1070 χερσίν,

130 1082 152 1133 ἡ
178 1084 219 1122 δὲ
243 1082 374 1135 χιτῶν’
401 1085 546 1123 ἐνδῦσα
573 1083 670 1125 Διὸς
694 1082 1012 1136 νεφεληγερέταο

131 1149 312 1202 τεύχεσιν
338 1151 377 1191 ἐς
401 1150 576 1201 πόλεμον
602 1149 834 1202 θωρήσσετο
860 1150 1109 1201 δακρυόεντα.

133 1217 171 1257 ἐς
195 1215 227 1255 δ’
252 1218 349 1269 ὄχεα
375 1217 532 1269 φλόγεα
556 1218 653 1257 ποσὶ
678 1217 844 1267 βήσετο,
873 1215 1014 1266 λάζετο
1040 1215 1072 1255 δ’
1099 1215 1215 1267 ἔγχος

131 1282 246 1333 βριθὺ
270 1282 370 1334 μέγα
395 1284 602 1335 στιβαρόν,
630 1287 682 1337 τῷ
708 1282 880 1333 δάμνησι
905 1284 1048 1335 στίχας
1073 1283 1221 1333 ἀνδρῶν
1389 1294 1449 1325 390

131 1348 276 1399 ἡρώων,
303 1350 432 1389 τοῖσίν
454 1366 498 1389 τε
525 1349 758 1390 κοτέσσεται
784 1348 1069 1401 ὀβριμοπάτρη.

126 1413 230 1466 “Hpq
257 1417 297 1455 δὲ
321 1414 485 1467 μάστιγι
510 1419 609 1457 θοῶς
635 1415 830 1467 ἐπεμαίετ’
857 1415 916 1467 ἄρ’
942 1416 1095 1456 ἵππους·

133 1481 343 1532 αὐτόμαται
368 1484 408 1522 δὲ
435 1482 555 1522 πύλαι
579 1483 702 1533 μύκον
726 1482 902 1534 οὐρανοῦ,
931 1482 974 1523 ἃς
1000 1482 1093 1534 ἔχον
1115 1479 1247 1531 Ἷὶραι,

133 1553 200 1604 τῇς
224 1547 500 1600 ἐπιτέτραπται
524 1548 646 1601 μέγας
671 1548 832 1600 οὐρανὸς
858 1549 1072 1599 Οὔλυμπός
1101 1564 1155 1592 τε,

133 1613 229 1664 ἠμὲν
253 1615 458 1654 ἀνακλῖναι
482 1615 643 1655 πυκινὸν
668 1614 790 1667 νέφος
815 1614 873 1665 ἠδ’
899 1616 1101 1655 ἐπιθεῖναι.
1390 1624 1448 1655 395

133 1685 179 1736 τῇ
201 1681 249 1732 ῥα
273 1680 321 1720 δι’
347 1679 500 1722 αὐτάων
527 1681 801 1733 κεντρηνεκέας
827 1681 920 1735 ἔχον
946 1682 1099 1722 ἵππους.

199 1746 296 1789 Ζεὺς
321 1749 361 1788 δὲ
387 1747 514 1799 πατὴρ
533 1747 686 1798 Ἴδηθεν
711 1749 796 1788 ἐπεὶ
822 1750 878 1788 ἴδε
905 1747 1055 1801 χώσατ’
1081 1745 1138 1797 ἄρ’
1164 1747 1292 1789 αἰνῶς,

128 1811 224 1864 ’Ἶριν
248 1813 281 1853 δ’
307 1814 449 1865 ὤτρυνε
475 1815 747 1867 χρυσόπτερον
773 1814 1057 1866 ἀγγελέουσαν·

137 1881 162 1896 “
176 1878 298 1929 βάσκ’
322 1881 388 1926 ἴθι,
410 1879 487 1932 Ἶρι
510 1885 661 1934 ταχεῖα,
690 1881 810 1921 πάλιν
835 1880 952 1932 τρέπε
976 1879 1063 1930 μηδ’
1091 1879 1134 1919 ἔα
1159 1877 1278 1925 ἄντην

135 1944 303 1999 ἔρχεσθ’·
340 1946 385 1986 οὗ
409 1948 483 1999 γὰρ
510 1949 610 1987 καλὰ
635 1948 902 1998 συνοισόμεθα
927 1945 1182 1996 πτόλεμόνδε.
1387 1956 1452 1985 400

135 2012 208 2051 ὧδε
231 2013 306 2064 γὰρ
331 2012 482 2065 ἐξερέω,
509 2013 554 2053 τὸ
579 2016 621 2054 δὲ
648 2015 710 2054 καὶ
735 2012 1019 2063 τετελεσμένον
1045 2011 1169 2050 ἔσται·

135 2078 289 2129 γυιώσω
313 2078 385 2130 μέν
411 2085 543 2132 σφωϊν
567 2079 635 2131 ὑφ’
661 2079 830 2131 ἅρμασιν
857 2078 978 2118 ὠκέας
1003 2078 1155 2120 ἵππους,

178 2179 239 2209 377
263 2171 282 2208 ἢ
298 2169 378 2201 V²42
404 2172 431 2202 εἶ
446 2171 536 2208 vulg.
686 2170 749 2208 378
775 2166 975 2210 προφανέντε
994 2166 1051 2196 ΑΓ.
1064 2165 1096 2194 Α
1110 2163 1155 2194 Μ1
1172 2162 1233 2194 Μ12
1248 2162 1309 2192 Μ13
1324 2162 1367 2193 U¹
1379 2161 1456 2193 VH:

136 2214 347 2254 προφανείσας
380 2214 472 2244 Hdn.
507 2216 588 2250 ‹lfp
600 2212 627 2243 B
641 2212 720 2243 Cal.
737 2224 743 2243 z
784 2212 983 2251 προφανεῖσα
1015 2219 1033 2238 e
1045 2212 1093 2245 gl
1106 2208 1134 2237 D
1147 2207 1174 2236 T
1191 2218 1220 2237 v.
1236 2207 1257 2237 l.
1277 2207 1310 2236 in
1336 2206 1366 2236 A
1389 2206 1429 2236 al.
1451 2216 1458 2235 ε

136 2257 347 2297 προφανείσας
363 2258 437 2289 ἰδὼν
454 2259 486 2290 ἐς
503 2259 619 2289 δοῦπον
637 2256 781 2288 ἀκόντων
800 2254 880 2284 Zen.
982 2252 1041 2290 381
1072 2252 1144 2282 Διὸς
1161 2251 1257 2290 κυδρὴ
1274 2250 1458 2299 παράκοιτις

136 2308 156 2328 1·
170 2311 222 2340 γρ.
242 2299 307 2337 Lu,
325 2303 508 2339 ’γλαυκῶπις
527 2301 625 2338 ἆθήνη
644 2303 658 2329 i
672 2299 717 2329 υἷ’
845 2298 909 2335 383
934 2305 995 2326 om.
1018 2294 1045 2324 B
1058 2294 1083 2324 C
1100 2293 1128 2322 D
1141 2292 1181 2322 La
1198 2292 1236 2322 L⁴
1251 2293 1297 2322 M⁴
1313 2292 1356 2321 N⁴
1368 2292 1396 2322 T
1411 2291 1458 2321 U·'‘

136 2341 180 2371 V³
192 2341 236 2372 V6
246 2342 290 2372 V⁹
302 2341 361 2373 V¹⁴
372 2342 501 2373 V20V32
651 2343 801 2382 385-387
828 2350 892 2370 om.
914 2339 1007 2374 Zen..
1029 2337 1094 2368 ath.
1116 2336 1291 2375 Aristoph.
1310 2335 1366 2365 Ar.

137 2385 202 2459 3819
224 2385 342 2458 Angro
360 2385 446 2417 Ptol.
468 2386 563 2417 Pind.
694 2393 840 2424 390-391
868 2382 936 2413 ath.
955 2381 1012 2411 Ar.
1138 2389 1197 2418 401
1223 2380 1261 2411 τὸ
1281 2378 1315 2410 δὲ
1333 2377 1399 2418 καὶ]
1418 2380 1457 2409 ὡς

139 2439 177 2459 κα
206 2433 264 2465 gk
323 2439 329 2459 z
354 2431 405 2462 καὶ
421 2431 483 2469 μὴν
500 2433 525 2459 h
