1624 2802
556 119 591 153 9.
665 115 921 152 ΙΛΙΑΔΟΣ
985 115 995 151 1

122 217 185 258 καί
207 215 246 267 μ’
272 215 435 269 ἐφίλησ’
462 216 512 258 ὡς
540 218 576 257 εἴ
597 233 639 257 τε
664 217 789 268 πατὴρ
816 217 859 257 ὃν
884 220 1003 258 παῖδα
1029 217 1184 274 φιλήσῃ

118 287 261 334 μοῦνον
285 283 501 335 τηλύγετον
526 287 741 323 πολλοῖσιν
767 284 830 324 ἐπὶ
857 283 1079 329 κτεάτεσσι,

121 350 186 390 καί
206 349 245 400 μ’
271 349 437 402 ἀφνειὸν
462 350 587 400 ἔθηκε,
616 349 741 390 πολὺν
767 349 808 390 δέ
833 366 897 400 μοι
919 350 1054 390 ὤπασε
1079 351 1190 390 λαόν·

120 420 228 457 ναΐου
253 415 284 455 δ’
311 416 502 469 ἐσχατιὴν
527 418 664 466 Φθίης,
694 417 953 456 Δολόπεσσιν
978 416 1179 457 ἀνάσσων.

121 484 185 522 καί
208 499 255 523 σε
279 486 470 524 τοσοῦτον
495 483 625 533 ἔθηκα,
648 485 751 524 θεοῖς
778 482 962 523 ἐπιείκελ’
987 482 1188 536 Ἀχιλλεῦ,
1374 490 1435 528 485

121 551 162 590 ἐκ
187 551 306 600 θυμοῦ
331 549 495 601 φιλέων,
523 549 608 590 ἐπεὶ
633 550 701 590 οὐκ
726 548 936 591 ἐθέλεσκες
960 548 1023 599 ἅμ’
1048 549 1158 603 ἄλλῳ

120 615 197 656 οὔτ’
223 615 263 658 ἐς
287 615 383 656 δαῖτ’
410 615 508 657 ἰέναι
531 616 609 656 οὔτ’
635 616 678 657 ἐν
701 615 911 668 μεγάροισι
935 615 1152 661 πάσασθαι,

120 683 209 734 πρίν
233 681 269 734 γ’
294 683 359 723 ὅτε
383 681 428 733 δή
455 682 492 722 ο·’
517 682 579 723 ἐπ’
605 682 760 734 ἐμοῖσιν
786 682 863 735 ἐγὼ
888 683 1081 734 γούνεσσι
1106 684 1299 726 καθίσσας

119 750 223 801 ὄψου
247 748 280 787 τ’
306 748 445 801 ἄσαιμι
469 750 678 801 προταμὼν
706 750 766 790 καὶ
792 749 898 790 οἶνον
922 748 1114 802 ἐπισχών.

120 815 290 856 πολλάκι
312 832 378 866 μοι
404 815 637 858 κατέδευσας
661 816 726 857 ἐπὶ
752 814 949 866 στήθεσσι
974 819 1121 869 χιτῶνα
1376 830 1438 861 490

120 883 225 922 οἴνου
250 882 489 932 ἀποβλύζων
515 882 558 923 ἐν
583 881 723 938 νηπιέῃ
749 883 947 939 ἀλεγεινῇ.

119 948 170 990 ὣς
194 948 258 988 ἐπὶ
284 948 347 988 σοὶ
372 949 479 1000 μάλα
504 949 623 990 πόλλ’
648 949 794 990 ἔπαθον
821 950 880 989 καὶ
905 948 1024 989 πόλλ’
1049 948 1241 1000 ἐμόγησα,

119 1016 165 1054 τὰ
191 1013 381 1068 φρονέων,
409 1016 431 1055 ὅ
454 1033 520 1066 μοι
545 1017 589 1056 οὔ
613 1033 650 1056 τι
674 1016 755 1056 θεοὶ
780 1016 899 1067 γόνον
925 1013 1143 1065 ἐξετέλειον

119 1080 165 1131 ἐξ
186 1081 290 1132 ἐμεῦ·
328 1082 434 1122 ἀλλὰ
460 1085 506 1123 σὲ
532 1086 662 1128 παῖδα,
691 1085 793 1124 θεοῖς
818 1081 1003 1123 ἐπιείκελ’
1028 1082 1230 1135 Ἀχιλλεῦ,

119 1148 319 1199 ποιεύμην,
348 1149 412 1189 ἵνα
434 1150 503 1200 μοι’
525 1149 610 1189 ποτ’
635 1148 767 1189 ἀεικέα
791 1148 930 1201 λοιγὸν
955 1149 1114 1204 ἀμύνῃς.
1371 1162 1434 1192 495

119 1214 222 1260 ἀλλ’,
250 1214 425 1268 Ἀχιλεῦ,
453 1215 631 1267 δάμασον
656 1215 778 1266 θυμὸν
803 1215 940 1267 μέγαν·
978 1215 1068 1255 οὐδέ
1093 1217 1132 1255 τί
1155 1231 1202 1255 σε
1228 1214 1301 1269 χρὴ

119 1284 257 1331 νηλεὲς
282 1280 374 1333 ἦτορ
400 1282 520 1335 ἔχειν·
558 1282 745 1334 στρεπτοὶ
770 1281 813 1322 δέ
837 1299 880 1322 τε
906 1282 968 1322 καὶ
993 1282 1074 1322 θεοὶ
1099 1281 1220 1327 αὐτοί,

119 1352 195 1388 τῶν
220 1365 292 1400 περ
317 1348 378 1388 καὶ
401 1349 544 1399 μείζων
569 1348 685 1400 ἀρετὴ
712 1347 800 1399 τιμή
827 1365 870 1388 τε
894 1349 964 1398 βίη
990 1365 1044 1388 τε.

120 1414 180 1454 καὶ
205 1417 276 1465 μὲν
301 1414 390 1456 τοὺς
415 1415 578 1456 θυέεσσι
603 1415 665 1454 καὶ
691 1415 868 1471 εὐχωλῇς
893 1415 1065 1470 ἀγανῇσι

118 1485 240 1538 λοιβῇ
265 1498 307 1522 τε
333 1483 448 1537 κνίσῃ
473 1498 516 1522 τε
540 1480 825 1534 παρατρωπῶσ’
851 1480 1048 1532 ἄνθρωποι
1374 1493 1436 1522 500

118 1548 366 1598 λισσόμενοι,
394 1548 458 1588 ὅτε
484 1547 549 1589 κέν
574 1564 632 1589 τις
657 1545 835 1603 ὑπερβήῃ
863 1547 923 1586 καὶ
948 1545 1111 1601 ἁμάρτῃ.

120 1614 180 1654 καὶ
205 1613 280 1666 γάρ
304 1631 345 1654 τε
371 1614 488 1654 Λιταί
511 1615 590 1654 εἶσι
615 1613 712 1655 Διὸς
737 1616 867 1665 κοῦραι
892 1612 1094 1664 μεγάλοιο,

118 1680 250 1733 χωλαί
271 1697 314 1720 τε
337 1681 458 1732 ῥυσαί
480 1697 522 1720 τε
547 1678 817 1732 παραβλῶπές
842 1678 874 1719 τ’
899 1679 1107 1731 ὀφθαλμώ,

118 1747 160 1786 αἵ
179 1745 228 1798 ῥά
252 1763 294 1787 τε
321 1748 382 1787 καὶ
407 1746 612 1797 μετόπισθ’
632 1745 755 1796 ’Άτης
780 1744 971 1798 ἀλέγουσι
997 1748 1160 1785 κιοῦσαι.

117 1812 191 1862 ἡδ’
211 1811 311 1864 ’‘AT-71
338 1812 508 1866 σθεναρή
534 1830 575 1853 τε
601 1812 662 1853 καὶ
688 1813 860 1864 ἀρτίπος,
889 1812 1028 1852 οὕνεκα
1053 1810 1183 1852 πάσας
1372 1822 1433 1852 505

118 1879 270 1920 πολλὸν
294 1878 563 1932 ὑπεκπροθέει,
591 1878 733 1931 φθάνει
759 1878 802 1918 δέ
825 1895 867 1919 τε
886 1881 1019 1919 πᾶσαν
1046 1877 1104 1917 ἐπ’
1130 1877 1219 1916 αἶαν

118 1944 342 1994 βλάπτουσ’
368 1946 607 1998 ἀνθρώπους·
645 1947 684 1985 αἱ
709 1945 740 1984 δ’
767 1943 993 1995 ἐξακέονται
1017 1944 1187 1984 ὀπίσσω.

118 2009 160 2052 ὃς
183 2011 256 2062 μέν
281 2011 312 2051 τ’
338 2011 536 2053 αἰδέσεται
564 2012 701 2063 κούρας
729 2011 824 2053 Διὸς
850 2012 980 2051 ἆσσον
1007 2010 1153 2055 ἰούσας,

118 2076 186 2118 τὸν
209 2079 251 2118 δὲ
275 2077 362 2130 μέγ’
388 2078 546 2128 ὤνησαν
573 2079 637 2118 καί
654 2077 686 2117 τ’
712 2077 852 2118 ἔκλυον
879 2076 1118 2129 εὐχομένοιο·

167 2171 230 2208 486
255 2170 426 2202 ἐθέλεσκον
444 2170 518 2200 sort.
537 2169 618 2208 legit
636 2169 762 2200 Athen.
784 2179 824 2208 23
839 2169 854 2198 f
1035 2168 1098 2205 488
1121 2166 1275 2206 γούνεσσι
1291 2165 1351 2196 Ar.
1372 2165 1403 2195 A
1420 2165 1447 2195 T

125 2211 185 2242 U²0
198 2212 323 2243 V10V1⁶
333 2212 391 2244 V3²
406 2224 412 2244 :
437 2213 594 2253 γούνασσι
612 2216 674 2243 cet.
763 2214 826 2251 489
851 2213 879 2243 τ’
892 2222 914 2248 q
929 2210 1017 2249 Ang.
1032 2209 1075 2239 Vl
1089 2208 1146 2238 V32
1161 2209 1253 2240 Eust.
1270 2219 1276 2239 :
1302 2219 1367 2240 om.
1381 2213 1443 2239 cet.

209 2267 273 2296 499
297 2258 345 2288 καὶ
363 2257 436 2288 τοὺς
448 2255 510 2295 μὲν
524 2256 617 2286 Plato
632 2266 701 2293 rep.
718 2256 781 2294 364
796 2256 827 2293 d,
845 2258 898 2285 ad
914 2254 957 2285 al.
1049 2253 1186 2285 θυσίαισι
1205 2252 1299 2282 Plato
1316 2252 1338 2283 l.
1354 2262 1375 2283 c.

123 2308 188 2337 500
211 2302 324 2337 λοιβῆς
340 2312 378 2331 τε
395 2299 506 2337 κνίσης
522 2312 558 2330 τε
575 2310 598 2335 p
613 2298 660 2328 MS
677 2297 723 2328 U²
736 2297 796 2329 Vm
812 2309 843 2328 v.
856 2298 875 2327 l.
898 2298 929 2328 in
946 2297 977 2327 A
1188 2305 1250 2334 503
1276 2295 1448 2335 ὀφθαλμῶν

122 2342 244 2373 beoA
259 2342 285 2372 B
297 2342 371 2381 CT,
392 2353 421 2373 v.
434 2341 455 2373 l.
475 2352 528 2382 ap.
550 2341 643 2372 Eust.
661 2353 668 2371 z
693 2341 877 2382 ὀφθαλμούς
895 2339 952 2370 V¹⁵
963 2339 1019 2369 Vi2'
1131 2340 1195 2378 506
1219 2338 1346 2379 φθανέει
1363 2337 1441 2368 Zen.

211 2395 274 2426 509
299 2385 483 2426 εὐχομένοιο
501 2384 556 2416 ΑΓ.
577 2384 722 2423 chAng
751 2383 829 2414 Lu:
855 2382 1032 2424 εὐξαμένοιο
1049 2382 1136 2421 vulg.
