1660 2802
635 156 668 187 5.
742 148 1001 185 IMAAOE
1051 149 1080 185 Ε

195 254 283 304 ῥῖνα
308 250 396 303 παρ’
421 251 643 303 ὀφθαλμόν,
671 250 833 292 λευκοὺς
859 250 891 290 δ’
919 250 1110 303 ἐπέρησεν
1136 251 1309 293 ὀδόντας.

197 322 262 358 τοῦ
286 317 318 357 δ’
344 317 420 357 ἀπὸ
444 320 514 367 μὲν
540 321 735 369 γλῶσσαν
761 316 937 369 πρυμνὴν
963 316 1061 367 τάμε
1085 316 1235 369 χαλκὸς
1260 316 1424 369 ἀτειρής,

198 384 319 436 αἰχμὴ
347 383 377 423 δ’
405 382 568 433 ἐξελύθη
594 385 699 434 παρὰ
726 383 880 423 νείατον
907 384 1139 434 ἀνθερεῶνα·

198 450 311 502 ἤριπε
336 449 368 489 δ’
396 447 442 498 ἐξ
462 449 602 502 ὀχέων,
631 449 814 501 ἀράβησε
841 451 881 489 δὲ
906 449 1033 502 τεύχε’
1061 449 1121 490 ἐπ’
1147 449 1248 503 αὐτῷ

201 517 316 556 αἰόλα
341 516 648 567 παμφανόωντα,
679 515 956 567 παρέτρεσσαν
980 514 1022 555 δέ
1048 517 1083 556 οῖ
1109 517 1221 556 ἵπποι
1464 529 1523 559 295

200 582 409 623 ὠκύποδες·
448 585 514 620 τοῦ
541 581 572 621 δ’
599 581 686 621 αὖθι
711 582 809 632 λύθη
836 581 949 634 ψυχή
975 598 1017 622 τε
1040 581 1156 632 μένος
1180 599 1233 622 τε.

268 649 423 689 Αἰνείας
449 648 480 687 δ’
507 648 707 699 ἀπόρουσε
733 648 807 688 σὺν
832 648 970 688 ἀσπίδι
995 648 1103 699 δουρί
1124 665 1166 688 τε
1189 651 1335 702 μακρῷ,

200 716 334 756 δείσας
357 713 408 764 μή
435 715 516 756 πώς
541 716 576 754 οἱ
603 715 812 766 ἐρυσαίατο
839 714 976 766 νεκρὸν
1001 713 1169 766 Ἀχαιοί.

201 782 301 832 ἀμφὶ
327 780 358 819 δ’
385 780 444 832 ἄρ’
471 782 571 835 αὐτῷ
597 784 714 831 βαῖνε
739 780 842 821 λέων
868 781 918 822 ὣς
943 782 1035 821 ἀλκὶ
1059 780 1268 826 πεποιθώς,

200 847 351 898 πρόσθε
377 846 419 886 δέ
445 849 479 887 οἱ
507 848 596 899 δόρυ
621 847 654 886 τ’
680 848 777 900 ἔσχε
805 847 866 887 καὶ
891 848 1040 887 ἀσπίδα
1064 846 1229 887 πάντοσ’
1255 845 1379 896 ἐΐσην,
1462 859 1527 889 300

201 914 268 953 τὸν
295 913 479 964 κτάμεναι
504 914 660 964 μεμαὼς
686 915 729 955 ὅς
753 931 810 955 τις
834 917 900 953 τοῦ
925 913 962 966 γ’
988 914 1116 955 ἀντίος
1141 913 1262 959 ἔλθοι,

203 979 428 1031 σμερδαλέα
454 979 590 1032 ἰάχων·
630 981 650 1019 ὁ
675 982 715 1020 δὲ
741 980 955 1033 χερμάδιον
979 979 1085 1030 λάβε
1110 979 1213 1032 χειρὶ

202 1046 400 1096 Τυδεΐδης,
427 1046 530 1098 μέγα
555 1047 682 1098 ἔργον,
710 1046 730 1086 ὃ
756 1048 799 1087 οὐ
825 1047 891 1086 δύο
916 1046 952 1098 γ’
979 1046 1094 1098 ἄνδρε
1120 1045 1292 1098 φέροιεν,

204 1113 277 1152 οἶοι
302 1115 369 1152 νῦν
394 1114 536 1164 βροτοί
560 1112 649 1153 εἰσ’·
688 1115 708 1151 ὁ
733 1113 776 1153 δέ
799 1130 865 1163 μιν
888 1113 958 1164 ῥέα
983 1112 1112 1153 πάλλε
1137 1112 1200 1152 καὶ
1225 1112 1317 1153 οἷος.

205 1182 256 1232 τῷ
282 1178 411 1229 βάλεν
438 1180 596 1219 Αἰνείαο
625 1179 705 1219 κατ’
732 1181 877 1232 ἰσχίον,
906 1180 999 1220 ἔνθα
1024 1196 1065 1219 τε
1089 1178 1210 1230 μηρὸς
1465 1190 1525 1220 305

206 1246 323 1299 ἰσχίῳ
353 1245 624 1296 ἐνστρέφεται,
655 1246 820 1295 κοτύλην
846 1245 887 1286 δέ
912 1245 954 1285 τέ
978 1262 1044 1296 μιν
1070 1245 1270 1285 καλέουσι·

205 1311 361 1351 θλάσσε
387 1311 429 1351 δέ
453 1313 488 1351 οἱ
514 1312 694 1362 κοτύλην,
721 1312 818 1364 πρὸς
842 1311 874 1351 δ’
899 1311 1017 1363 ἄμφω
1041 1310 1135 1363 ῥῆξε
1158 1310 1329 1351 τένοντε·

207 1376 286 1417 ὦσε
312 1377 344 1417 δ’
372 1377 447 1417 ἀπὸ
472 1377 580 1429 ῥινὸν
605 1378 749 1430 τρηχὺς
774 1379 896 1420 λίθος·
935 1378 1055 1429 αὐτὰρ
1080 1379 1102 1416 ὅ
1125 1377 1161 1429 γ’
1187 1377 1288 1429 ἥρως

206 1444 302 1494 ἔστη
329 1442 427 1495 γνὺξ
449 1445 592 1495 ἐριπὼν
621 1444 684 1484 καὶ
709 1446 890 1495 ἐρείσατο
915 1445 1016 1497 χειρὶ
1041 1444 1186 1499 παχείῃ

205 1511 331 1562 γαίης·
371 1510 472 1562 ἀμφὶ
499 1512 538 1550 δὲ
565 1512 666 1551 ὄσσε
693 1510 850 1559 κελαινὴ
877 1509 949 1560 νὺξ
971 1510 1160 1561 ἐκάλυψε.
1472 1521 1528 1551 3ῐο

274 1577 353 1615 Καί
375 1577 420 1616 νύ
446 1593 510 1616 κεν
536 1576 614 1616 ἕνθ’
641 1577 830 1616 ἀπόλοιτο
855 1575 955 1626 ἄναξ
976 1577 1126 1628 ἀνδρῶν
1153 1575 1320 1622 Αἰνείας,

207 1644 239 1682 εἰ
263 1642 314 1692 μὴ
341 1642 400 1693 ἄρ’
429 1641 496 1691 ὀξὺ
522 1644 642 1692 νόησε
670 1643 766 1684 Διὸς
791 1642 962 1694 θυγάτηρ
986 1642 1215 1694 Ἀφροδίτη,

205 1707 343 1760 μήτηρ,
370 1709 395 1758 ἤ
418 1725 483 1759 μιν
508 1708 569 1749 ὑπ’
595 1708 770 1764 Ἀγχίσῃ
795 1708 883 1748 τέκε
907 1708 1178 1760 βουκολέοντι·

207 1775 308 1826 ἀμφὶ
334 1774 366 1814 δ’
393 1775 457 1814 ἑὸν
482 1776 602 1827 φίλον
627 1775 709 1815 υἱὸν
735 1775 898 1827 ἐχεύατο
923 1773 1047 1827 πήχεε
1071 1774 1210 1820 λευκώ,

207 1838 355 1892 πρόσθέ
382 1840 423 1881 δέ
449 1843 483 1881 οἱ
509 1841 676 1881 πέπλοιο
702 1845 867 1893 φαεινοῦ
891 1841 1033 1893 πτύγμ’
1059 1840 1275 1892 ἐκάλυψεν,
1467 1852 1526 1884 315

207 1908 317 1958 ἕρκος
344 1907 434 1957 ἔμεν
459 1907 628 1957 βελέων,
654 1907 706 1958 μή
732 1924 789 1949 τις
816 1911 985 1948 Δαναῶν
1009 1907 1256 1959 ταχυπώλων

206 1973 360 2026 χαλκὸν
386 1973 441 2013 ε’νὶ
467 1973 664 2024 στήθεσσι
687 1975 828 2024 βαλὼν
855 1976 895 2014 ἐκ
922 1974 1043 2024 θυμὸν
1069 1974 1211 2013 ἕλοιτο.

273 2039 324 2078 ‘H
350 2042 421 2090 μὲν
448 2039 511 2079 ἑὸν
537 2041 658 2092 φίλον
683 2040 765 2081 υἱὸν
792 2039 1034 2092 ὑπεξέφερεν
1059 2038 1260 2089 πολέμοιο·

208 2105 286 2146 οὐδ’
313 2105 394 2147 υἱὸς
420 2108 630 2156 Καπανῆος
657 2106 820 2157 ἐλήθετο
846 2105 1095 2147 συνθεσιάων

207 2171 310 2211 τάων
335 2172 379 2213 ἃς
405 2171 594 2212 ἐπέτελλε
618 2173 720 2223 βοὴν
746 2173 891 2225 ἀγαθὸς
918 2171 1130 2223 Διομήδης,
1467 2182 1529 2212 3²0

208 2237 300 2278 ἀλλ’
327 2239 349 2277 ὅ
373 2255 418 2290 γε
443 2238 532 2279 τοὺς
554 2241 625 2289 μὲν
651 2239 736 2281 ἑοὺς
759 2240 926 2292 ἠρύκακε
950 2239 1134 2290 μώνυχας
1158 2237 1298 2277 ἵππους

254 2339 317 2368 293
352 2328 483 2369 ἐξελύθη
510 2328 569 2359 Ar.
591 2328 702 2368 Apoll.
735 2329 800 2359 lex.
833 2339 858 2360 S.
879 2340 910 2360 v.
938 2330 1105 2369 αῖχμῆται,
1132 2326 1446 2376 bgilpffiABVe
1470 2327 1535 2358 aL:

211 2373 342 2413 ἐξεσύθη
356 2372 437 2402 Zen.
455 2372 541 2411 vulg.
561 2384 567 2402 :
594 2373 725 2413 ἐξεχύθη
746 2372 786 2403 Ρ6
799 2370 839 2402 Ρ7
854 2372 898 2402 U2
910 2372 956 2402 U¹³
974 2383 981 2401 t
1007 2371 1166 2413 ἐξέσυτοε
1181 2371 1270 2410 Lips.
1287 2371 1316 2400 T
1403 2380 1464 2409 317
1483 2369 1532 2410 ἐκ]

211 2417 272 2447 ἀπὸ
287 2427 306 2448 e
397 2415 508 2453 ἕληται
528 2414 576 2445 Μ9
590 2415 776 2446 Πῇνωνφῖ
793 2416 830 2446 al.
852 2427 856 2444 ἱ
884 2416 992 2447 ὄλοιτο
1009 2415 1068 2446 ΑΓ.
1088 2416 1189 2454 (teste
1206 2414 1273 2445 sch‘
1294 2413 1339 2454 Α)
