1629 2828
542 171 575 205 2.
653 167 905 204 [ΛῘΑΔΟΣ
956 168 983 204 Β

4 252 8 326 ἱ
106 270 146 310 ὅς
169 285 217 319 με
239 267 323 318 μετ’
349 266 565 319 ἀπρήκτους
591 269 718 320 ἔριδας
745 270 805 309 καὶ
830 270 958 309 νείκεα
983 269 1142 319 βάλλει.

5 333 9 409 l
107 336 166 375 καὶ
191 335 266 386 γὰρ
291 334 391 386 ἐγὼν
415 333 599 387 Ἀχιλεύς
624 352 665 375 τε
689 334 966 388 μαχεσσάμεθ’
992 337 1120 376 εἵνεκα
1148 337 1283 387 κούρης

5 412 10 472 3
105 401 295 451 ἀντιβίοις
321 399 521 447 ἐπέεσσιν,
550 402 627 453 ἐγὼ
652 401 685 441 δ’
710 400 833 454 ἦρχον
857 402 1125 454 χαλεπαίνων·

104 469 137 508 εἰ
161 466 203 508 δέ
226 466 311 506 ποτ’
336 466 376 508 ἔς
400 484 447 519 γε
470 467 562 518 μίαν
587 467 873 519 βουλεύσομεν,
901 467 1025 508 οὐκέτ’
1051 468 1186 508 ἔπειτα

5 477 11 583 ς
102 534 259 586 Τρωσὶν
285 532 513 584 ἀνάβλησις
538 537 655 574 κακοῦ
679 534 854 580 ἔσσεται,
882 533 962 574 οὐδ’
986 533 1145 585 ἠβαιόν.
1363 540 1424 579 380

6 581 11 682 ἱ
103 602 171 640 νῦν
195 598 226 639 δ’
252 599 410 652 ἔρχεσθ’
437 601 499 641 ἐπὶ
525 603 696 647 δεῖπνον,
719 602 782 641 ἵνα
806 599 1032 653 ξυνάγωμεν
1051 600 1191 653 ”Αρηα.

103 666 144 707 εὖ
167 665 239 717 μέν
263 682 321 708 τις
345 666 436 718 δόρυ
461 664 658 717 θηξάσθω,
687 667 727 707 εὖ
752 666 784 707 δ’
809 667 959 707 ἀσπίδα
985 666 1127 714 θέσθω,

7 683 13 847 s
103 732 143 772 εὖ
167 731 209 773 δέ
234 749 292 774 τις
316 734 497 774 ἵπποισιν
522 736 680 774 δεῖπνον
705 733 802 774 δότω
830 733 1117 779 ὠκυπόδεσσιν,

102 799 142 839 εὖ
167 798 209 840 δέ
231 816 289 841 τις
314 799 485 852 ἅρματος
510 801 634 851 ἀμφὶς
659 800 751 840 ἰδὼν
775 799 964 850 πολέμοιο
988 800 1178 851 μεδέσθω,

8 850 13 914 ἱ
101 866 152 907 ὥς
177 884 218 907 κε
243 866 472 919 πανημέριοι
497 870 672 921 στυγερῷ
699 866 900 918 κρινώμεθ’
921 865 1052 918 ”Αρη“ί.
1360 871 1420 910 385

10 922 15 979 ζ
100 932 145 972 οὐ
168 934 242 986 γὰρ
265 932 456 983 παυσωλή
481 950 528 985 γε
550 932 799 983 μετέσσεται,
827 932 906 972 οὐδ’
931 932 1090 983 ἠβαιόν,

10 985 15 1006 ¹
101 1001 134 1039 εἶ
155 999 208 1050 μὴ
234 998 307 1050 νὺξ
327 1001 502 1040 ἐλθοῦσα
527 999 732 1051 διακρινέει
756 999 872 1050 μένος
897 1000 1058 1051 ἀνδρῶν.

8 1040 15 1113 ὲ
101 1066 258 1118 ἱδρώσει
281 1066 353 1117 μέν
376 1083 440 1106 τευ
465 1067 645 1117 τελαμὼν
670 1067 771 1117 ἀμφὶ
797 1064 1021 1117 στήθεσφιν

10 1108 16 1184 ἱ
101 1133 266 1174 ἀσπίδος
292 1134 554 1185 ἀμφιβρότης,
583 1134 669 1184 περὶ
695 1132 727 1172 δ’
754 1132 866 1185 ἔγχεϊ
890 1135 1004 1184 χεῖρα
1029 1135 1219 1182 καμεῖται·

11 1185 15 1198 ⁴
101 1200 258 1250 ἱδρώσει
283 1199 325 1240 δέ
350 1215 413 1239 τευ
439 1200 557 1240 ἵππος
580 1197 716 1249 ἐΰξοον
740 1197 844 1250 ἅρμα
868 1199 1061 1239 τιταίνων.
1358 1212 1420 1243 390

12 1217 18 1291 ¹<
99 1264 143 1305 ὃν
168 1265 210 1306 δέ
236 1265 267 1304 κ’
294 1266 395 1317 ἐγὼν
424 1264 617 1305 ἀπάνευθε
642 1264 771 1317 μάχης
798 1264 985 1305 ἐθέλοντα
1009 1264 1141 1315 νοήσω

12 1285 18 1384 ἱ
98 1332 299 1383 μιμνάζειν
324 1334 428 1384 παρὰ
452 1332 567 1381 νηυσὶ
593 1332 814 1383 κορωνίσιν,
842 1331 886 1371 οὔ
911 1332 946 1370 οἱ
972 1331 1106 1371 ἔπειτα

13 1388 19 1474 Γ
98 1398 232 1450 ἄρκιον
257 1400 435 1439 ἐσσεῖται
461 1398 623 1450 φυγέειν
649 1398 764 1439 κύνας
788 1397 848 1447 ἠδ’
874 1397 1071 1438 οἶωνούς.”

14 1425 19 1503 ἱ
157 1463 236 1508 ΔΩς
262 1464 387 1517 ἔφατ’,
416 1464 587 1516 Ἀργεῖοι
612 1466 652 1504 δὲ
676 1463 762 1516 μέγ’
787 1465 915 1517 ἴαχον,
944 1464 994 1506 ὡς
1020 1464 1086 1504 ὅτε
1116 1467 1213 1514 κῦμα

14 1507 20 1591 ι
97 1532 193 1588 ἀκτῇ
218 1531 281 1584 ἐφ’
308 1532 457 1587 ὑψηλῇ,
485 1531 548 1571 ὅτε
574 1529 714 1586 κινήσῃ
741 1531 870 1572 Νότος
896 1530 1036 1575 ἐλθών,
1357 1542 1417 1573 395

96 1600 294 1649 προβλῆτι
321 1596 517 1650 σκοπέλῳ·
556 1597 623 1636 τὸν
649 1596 680 1636 δ’
708 1597 752 1636 οὔ
777 1612 873 1636 ποτε
900 1596 1047 1647 κύματα
1071 1597 1201 1636 λείπει

15 1592 23 1775 ³
96 1665 290 1704 παντοίων
316 1663 482 1714 ἀνέμων,
508 1662 564 1702 ὅτ’
591 1662 638 1702 ἂν
663 1662 741 1703 ἔνθ’
767 1659 789 1711 ἢ
816 1663 910 1703 ἔνθα
935 1662 1139 1714 γένωνται.

96 1729 309 1772 ἀνστάντες
335 1729 365 1769 δ’
391 1728 548 1781 ὀρέοντο
576 1728 832 1771 κεδασθέντες
858 1730 954 1768 κατὰ
980 1731 1087 1779 νῆας,

18 1778 23 1844 fl
97 1795 320 1837 κάπνισσάν
346 1813 388 1837 τε
414 1797 511 1836 κατὰ
536 1796 705 1841 κλισίας,
733 1796 794 1835 καὶ
820 1798 978 1835 δεῖπνον
1003 1795 1154 1835 ἕλοντο.

18 1846 23 1906 ξ
95 1861 217 1905 ἄλλος
243 1862 276 1902 δ’
301 1862 411 1917 ἄλλῳ
433 1862 537 1913 ἔρεζε
564 1865 662 1902 θεῶν
687 1860 973 1913 αἰειγενετάων,
1348 1874 1413 1904 400

19 1916 25 1984 ⁸1
95 1928 307 1982 εὐχόμενος
333 1928 501 1969 θάνατόν
526 1945 567 1968 τε
593 1931 734 1981 φυγεῖν
760 1928 822 1968 καὶ
846 1932 980 1978 μῶλον
999 1926 1157 1979 ”Αρηος.
1172 1948 1192 1958 ⁴

95 1994 213 2047 αὐτὰρ
239 1996 259 2035 ὁ
284 1998 383 2046 βοῦν
410 1995 585 2047 ἱέρευσεν
611 1993 712 2045 ἄναξ
735 1995 884 2046 ἀνδρῶν
910 1993 1170 2046 Ἀγαμέμνων

95 2062 209 2102 πίονα
232 2061 494 2114 πενταέτηρον
518 2060 725 2113 ὑπερμενέϊ
751 2061 957 2112 Κρονίωνι,

95 2129 305 2179 κίκλησκεν
330 2130 371 2169 δὲ
396 2128 584 2180 γέροντας
609 2128 797 2179 ἀριστῆας
824 2129 1078 2179 Παναχαιῶν,

0 2140 10 2245 ἱ
96 2193 277 2247 Νέστορα
301 2197 372 2246 μὲν
397 2194 597 2247 πρώτιστα
622 2194 683 2233 καὶ
708 2193 911 2244 Ἰδομενῆα
935 2192 1094 2237 ἄνακτα,
1350 2204 1413 2234 405

135 2287 199 2325 389
222 2286 386 2326 καμεῖται]
403 2288 549 2327 παρεῖται
569 2285 669 2317 Rhet.
689 2285 747 2315 Gr.
767 2286 811 2316 iii.
836 2294 905 2323 131.
925 2285 967 2314 28
1112 2292 1171 2322 391
1200 2282 1227 2314 δ’
1245 2284 1284 2314 ἂν
1309 2280 1351 2330 1)]
1365 2282 1415 2312 Ge

95 2328 142 2359 M⁵
155 2328 199 2358 Ν4
290 2329 458 2369 ἐθέλοντα]
476 2330 673 2360 πτώσσοντα
690 2329 744 2359 cit.
759 2328 864 2358 Arist.
885 2327 960 2357 Eth.
982 2326 1054 2358 Nic.
1078 2328 1243 2365 1116a34
1339 2330 1414 2365 post

92 2382 154 2412 393
177 2373 257 2403 add.
281 2373 344 2414 πὰρ
366 2374 428 2413 γὰρ
453 2373 519 2411 ἐμοὶ
545 2372 680 2403 θάνατος
704 2371 808 2402 Arist.
836 2370 906 2401 Pol.
936 2371 1050 2408 1285a
1076 2379 1113 2407 14
1142 2370 1183 2408 (si
1210 2369 1312 2399 verba
1336 2374 1413 2399 sunt

92 2416 241 2447 eiusdem
252 2416 428 2447 citationis
525 2425 586 2454 397
603 2414 826 2455 γένωνταιΑτ.
837 2413 926 2452 vulg.
939 2424 944 2444 :
958 2413 1092 2454 γένηται
1103 2423 1130 2443 v.
1143 2413 1160 2443 1.
1172 2418 1241 2442 ant.
1258 2411 1413 2460 p2marg.

1245 2471 1281 2502 3*
