1670 2828
687 125 1095 168 PRAEFATIO

287 241 404 281 Inter
440 241 609 282 codices
641 247 807 282 nostros
838 246 880 280 et
911 243 1170 292 apparatum
1206 235 1553 277 Alexandrinum

227 310 418 349 medium
460 317 526 350 est
562 323 697 364 genus
733 307 1051 360 exemplarium
1087 320 1256 359 papyro
1292 305 1552 358 scriptorum

226 392 336 432 quae
358 392 380 418 e
403 378 655 431 fragmentis
679 390 816 429 nuper
837 376 879 416 in
905 374 1120 429 Aegypto
1143 374 1320 428 repertis
1343 373 1551 414 novimus.

229 446 401 487 Horum
434 447 548 487 enim
584 447 778 487 maxima
814 459 913 498 pars
946 458 1043 484 cum
1082 444 1303 484 codicibus
1336 443 1421 484 fere
1452 455 1553 484 con-

227 523 386 568 gruunt
409 516 638 557 lectionem
657 515 881 567 vulgatam
900 513 1206 553 exhibentibus
1226 528 1232 552 :
1252 512 1327 552 sed
1344 509 1552 552 nonnulla

227 584 268 624 in
291 598 342 625 eo
371 584 602 638 singularia
624 592 723 625 sunt
750 584 868 636 quod
890 597 975 623 non
999 595 1158 635 paucos
1178 594 1325 622 versus
1348 579 1555 620 insiticios

225 652 294 693 vel
330 654 615 706 interpolatos
648 653 822 694 habent.
902 651 989 704 Qui
1021 664 1168 691 versus
1199 651 1312 690 unde
1345 648 1554 702 originem

226 723 400 770 ducant,
443 736 467 762 a
519 723 673 775 quibus
723 722 811 762 sive
861 720 1002 773 poetis
1054 719 1140 759 sive
1191 718 1416 771 rhapsodis
1466 717 1556 757 sive

227 791 505 831 diasceuastis
537 790 624 831 ficti
657 791 753 840 sint,
784 790 912 830 hodie
946 787 1132 829 multum
1164 786 1408 840 ambigitur.
1487 785 1557 825 De

226 867 369 901 aetate
386 860 562 912 quidem
580 859 622 899 id
641 864 913 911 compertum
932 863 1010 906 est,
1028 855 1296 909 exemplaria
1314 854 1412 895 novi
1429 853 1556 894 huius

227 929 394 982 generis
426 941 449 967 e
481 927 652 968 saeculo
688 927 816 968 tertio
853 925 918 965 vel
955 926 1144 966 secundo
1176 934 1219 965 A.
1240 933 1279 964 C.
1316 923 1555 976 provenire,

225 997 483 1038 Aristarcho
507 997 636 1050 igitur
659 996 881 1048 superiora
901 1008 1004 1035 esse.
1068 994 1149 1035 Cui
1172 994 1206 1034 si
1230 993 1401 1047 cognita
1424 997 1555 1041 erant,

228 1073 341 1107 certe
375 1080 459 1107 non
490 1066 615 1106 bonis
648 1065 908 1105 editionibus
940 1064 1140 1116 ascripta,
1162 1063 1237 1103 sed
1270 1061 1414 1114 potius
1445 1061 1556 1101 inter

228 1136 419 1187 ὃημώὸεις
441 1134 535 1175 illas
553 1135 620 1175 vel
644 1132 885 1184 εἰκαιοτέρας
905 1132 1190 1182 habebantur,
1207 1137 1253 1170 ut
1271 1130 1428 1184 quibus
1444 1129 1555 1170 tanti

227 1205 507 1245 accrevissent
535 1204 666 1256 inepti
693 1209 825 1255 atque
851 1208 983 1256 poeta
1011 1201 1175 1253 indigni
1203 1213 1360 1240 versus.
1423 1197 1555 1252 Quod

225 1274 259 1313 si
282 1274 337 1314 ad
363 1273 612 1313 testimonia
639 1272 831 1312 animum
856 1271 1055 1312 attendas
1082 1283 1192 1322 quae
1218 1275 1320 1308 sunt
1349 1268 1403 1308 de
1426 1267 1556 1308 inter-

227 1342 447 1394 polatione
502 1341 843 1381 Homeri-cum
887 1345 1056 1380 constet
1108 1338 1348 1391 rhapsodos
1393 1337 1558 1390 priscos

229 1409 336 1463 (τοὺς
357 1410 445 1460 περὶ
474 1407 686 1464 Κύναιθον)
711 1409 847 1449 multa
869 1408 923 1448 de
946 1421 1024 1447 suo
1046 1407 1276 1456 addidisse,
1298 1418 1396 1446 cum
1421 1405 1556 1446 critici

228 1480 327 1520 inde
344 1493 368 1519 a
387 1479 614 1520 Zenodoto
632 1478 698 1519 vel
715 1478 993 1532 praecipuam
1014 1477 1055 1516 iu
1073 1489 1124 1515 eo
1143 1487 1316 1528 operam
1336 1473 1555 1526 posuerint

229 1555 275 1589 ut
304 1561 451 1588 versus
480 1548 649 1600 spurios
679 1554 753 1587 aut
783 1561 805 1587 e
834 1553 960 1587 textu
988 1546 1174 1585 eicerent
1202 1551 1277 1585 aut
1305 1542 1431 1584 obelo
1459 1556 1557 1584 con-

229 1616 418 1671 figerent,
464 1630 561 1657 cum
614 1617 799 1670 denique
849 1628 1049 1656 versuum
1101 1614 1226 1655 ro'Ooev
1276 1626 1396 1666 seges
1447 1613 1557 1653 adeo

230 1687 476 1738 importuna
517 1686 581 1733 sit,
618 1692 709 1725 tum
749 1686 788 1725 in
826 1683 1103 1725 citationibus
1142 1683 1420 1735 antiquorum
1462 1687 1555 1722 tum

227 1756 344 1808 apud
361 1754 619 1795 scholia—si
642 1754 746 1795 haec
768 1754 913 1794 onmia
936 1760 1121 1806 reputes,
1138 1753 1212 1792 vix
1234 1751 1375 1792 hercle
1398 1752 1555 1792 mirum

228 1824 445 1864 videbitur
495 1825 614 1876 quod
657 1824 697 1863 in
740 1837 825 1863 uno
867 1822 1059 1863 alterove
1105 1821 1261 1874 papyri
1314 1820 1556 1874 fragmento

228 1892 430 1932 editionis
452 1892 632 1932 alicuius
655 1891 906 1943 πολυστίχου
923 1891 1104 1943 vestigia
1127 1889 1393 1944 deprehensa
1415 1896 1513 1930 sunt
1528 1887 1556 1929 ¹.

286 1973 324 2015 3.
359 1960 490 2013 Quod
521 1961 575 2001 ad
609 1961 782 2001 tertiam
816 1960 1114 2012 quaestionem
1147 1959 1312 2008 attinet,
1347 1972 1459 2011 quae
1492 1965 1556 1999 est

228 2031 283 2070 de
319 2030 498 2084 pristina
533 2030 772 2070 carminum
814 2029 1149 2069 Homericorum
1186 2027 1384 2075 dialecto,
1418 2041 1556 2081 pauca

228 2098 370 2138 habeo
398 2112 508 2152 quae
538 2099 692 2139 dicam.
753 2098 884 2138 Viam
916 2098 1080 2151 primus
1109 2097 1315 2138 indicavit
1343 2096 1557 2137 Ricardus

230 2167 427 2220 Bentley,
451 2181 547 2208 cum
579 2173 837 2208 monstraret
868 2167 991 2207 unius
1020 2167 1174 2207 saltem
1202 2166 1372 2207 litterae
1400 2179 1554 2206 sonum

227 2236 332 2276 olim
368 2236 563 2276 Homero
593 2237 798 2276 usitatum
829 2242 980 2288 postea
1010 2236 1125 2288 apud
1158 2235 1282 2275 Iones
1314 2241 1444 2288 atque
1474 2234 1557 2275 At-

273 2331 283 2350 1
310 2332 390 2363 Erat
413 2333 548 2372 quidem
572 2332 678 2362 editio
700 2333 719 2370 ἡ
741 2332 943 2371 πολύστιχος
966 2336 1171 2371 nuncupata,
1192 2331 1243 2361 cui
1266 2336 1378 2361 tamen
1401 2341 1475 2361 cum
1499 2329 1556 2360 illa

228 2376 415 2416 vulgarium
434 2376 592 2406 librorum
611 2377 810 2417 πολυστιχίᾳ
828 2377 951 2406 nullam
971 2376 1070 2405 credo
1090 2375 1375 2406 necessitudinem
1395 2374 1508 2405 fuisse*

871 2430 916 2464 xii
