1670 2828
609 144 648 191 4<
718 138 974 175 ΙΛῙΑΔΟΣ
1019 141 1054 175 Δ

167 239 268 279 τοῖοί
289 256 361 285 τοι,
390 238 588 286 Μενέλαε,
616 238 784 290 μιάνθην
809 239 943 289 αἵματι
965 241 1083 291 μηροὶ

167 303 329 356 εὐφυέες
355 306 499 356 κνῆμαί
519 323 562 346 τε
588 307 643 345 ἰδὲ
670 307 805 357 σφυρὰ
832 304 918 344 κάλ’
943 303 1142 358 ὑπένερθε.

231 370 416 422 Ῥίγησεν
441 371 473 411 δ’
500 371 559 423 ἄρ’
584 372 719 412 ἔπειτα
743 370 845 421 ἄναξ
867 372 1018 423 ἀνδρῶν
1042 370 1311 424 Ἀγαμέμνων,

167 437 217 478 ὡς
243 437 344 477 εἶδεν
368 435 494 488 μέλαν
521 438 617 487 αἷμα
644 435 858 489 καταρρέον
885 437 931 488 ἐξ
952 438 1128 488 ὠτειλῆς·

164 504 329 555 ῥίγησεν
355 506 396 544 δὲ
422 504 484 543 καὶ
509 504 623 546 αὐτὸς
650 503 861 555 ἀρηΐφιλος
888 502 1109 546 Μενέλαος.
1432 519 1492 550 150

166 569 216 610 ὡς
241 572 282 610 δὲ
306 571 388 610 ἴδεν
412 568 547 621 νεῦρόν
572 587 613 610 τε
642 570 703 610 καὶ
729 572 869 621 ὄγκους
896 570 1005 612 ἐκτὸς
1029 569 1177 617 ἐόντας,

163 634 340 687 ἄψορρόν
365 638 401 676 οἱ
427 636 544 686 θυμὸς
571 636 626 676 ἐνὶ
653 635 874 686 στήθεσσιν
902 635 1062 688 ἀγέρθη.

163 705 245 743 τοῖς
270 704 311 742 δὲ
335 701 439 754 βαρὺ
465 701 673 755 στενάχων
698 700 850 754 μετέφη
879 704 1016 754 κρείων
1039 702 1312 755 Ἀγαμέμνων,

164 768 294 821 χειρὸς
319 768 425 821 ἔχων
451 766 675 814 Μενέλαον,
705 768 1023 822 ἐπεστενάχοντο
1048 769 1082 809 δ’
1110 772 1269 821 ἑταῖροι·

165 836 189 851 “
209 835 305 886 φίλε
332 836 558 886 κασίγνητε,
587 835 756 876 θάνατόν
782 836 829 876 νύ
853 852 912 875 τοι
938 835 1034 887 ὅρκι’
1060 836 1241 886 ἔταμνον,
1432 850 1490 881 155

163 900 246 940 οἷον
271 900 504 953 προστήσας
529 901 604 953 πρὸ
629 901 805 955 Ἀχαιῶν
830 903 967 954 Τρωσὶ
991 901 1206 956 μάχεσθαι,

162 967 213 1008 ὥς
238 966 277 1005 σ’
303 966 455 1017 ἔβαλον
478 971 624 1019 Τρῶες,
655 970 752 1008 κατὰ
777 967 810 1008 δ’
835 968 949 1020 ὅρκια
972 970 1095 1009 πιστὰ
1119 967 1313 1019 πάτησαν.

162 1034 207 1074 οὐ
230 1031 304 1084 μέν
330 1051 412 1076 πως
438 1033 551 1074 ἅλιον
577 1033 692 1075 πέλει
717 1035 849 1086 ὅρκιον
874 1034 969 1085 αἷμά
994 1052 1035 1076 τε
1060 1036 1187 1087 ἀρνῶν

163 1101 336 1140 σπονδαί
356 1100 389 1139 τ’
415 1100 575 1152 ἄκρητοι
602 1102 663 1141 καὶ
689 1100 824 1151 δεξιαί,
852 1099 895 1157 ᾗς
920 1099 1146 1152 ἐπέπιθμεν.

163 1167 199 1206 εἴ
221 1183 294 1218 περ
319 1166 393 1218 γάρ
418 1184 459 1207 τε
487 1168 549 1208 καὶ
574 1167 697 1208 αὐτίκ’
723 1167 943 1218 Ὀλύμπιος
969 1167 1035 1207 οὐκ
1063 1166 1290 1214 ἐτέλεσσεν,
1432 1172 1490 1204 ¹60

162 1232 203 1272 ἔκ
230 1250 272 1274 τε
298 1234 360 1273 καὶ
385 1234 464 1285 ὀψὲ
488 1238 607 1280 τελεῖ,
638 1234 711 1274 σύν
736 1250 779 1274 τε
802 1233 963 1288 μεγάλῳ
990 1232 1217 1280 ἀπέτεισαν,

163 1299 237 1340 σὺν
262 1305 421 1356 σφῇσιν
446 1305 649 1357 κεφαλῇσι
675 1297 832 1352 γυναιξί
852 1317 895 1341 τε
922 1301 984 1341 καὶ
1008 1300 1229 1341 τεκέεσσιν.

163 1366 204 1406 εὖ
228 1368 303 1418 γὰρ
330 1367 406 1418 ἐγὼ
432 1367 521 1407 τόδε
541 1366 628 1407 οἶδα
654 1368 751 1407 κατὰ
776 1366 905 1418 φρένα
930 1368 992 1408 καὶ
1019 1369 1115 1407 κατὰ
1141 1368 1275 1418 θυμόν·

162 1432 328 1473 ἔσσεται
352 1432 456 1485 ἦμαρ
482 1433 539 1473 ὅτ’
564 1433 612 1473 ἄν
637 1433 723 1474 ποτ’
749 1433 884 1490 ὀλώλῃ
905 1432 1031 1475 Ἴλιος
1058 1434 1119 1485 ἱρὴ

164 1500 225 1540 καὶ
252 1501 430 1551 Πρίαμος
455 1500 519 1540 καὶ
544 1499 641 1542 λαὸς
667 1501 864 1551 ἐϋμμελίω
892 1500 1100 1552 Πριάμοιο,
1431 1505 1490 1545 165

163 1565 261 1608 Ζεὺς
287 1565 329 1606 δέ
354 1571 429 1618 σφι
457 1568 651 1618 Κρονίδης
677 1567 881 1619 ὑψίζυγος,
910 1566 1035 1619 αἰθέρι
1061 1568 1193 1614 ναίων,

163 1632 277 1674 αὐτὸς
303 1634 559 1689 ἐπισσείῃσιν
587 1633 751 1685 ἐρεμνὴν
779 1634 911 1685 αἰγίδα
936 1636 1037 1674 πᾶσι

161 1699 274 1748 τῆσδ’
300 1699 450 1749 ἀπάτης
476 1699 634 1740 κοτέων·
673 1702 721 1739 τὰ
746 1702 818 1750 μὲν
846 1700 1010 1741 ἔσσεται
1036 1700 1103 1741 οὐκ
1130 1700 1339 1741 ἀτέλεστα·

165 1764 271 1804 ἀλλά
294 1782 359 1815 μοι
385 1765 494 1806 αἰνὸν
521 1766 616 1819 ἄχος
643 1765 761 1806 σέθεν
788 1767 963 1813 ἔσσεται,
991 1765 1020 1807 ὦ
1048 1766 1246 1814 Μενέλαε,

164 1833 207 1871 αἵ
230 1848 270 1872 κε
296 1831 415 1888 θάνῃς
443 1833 504 1872 καὶ
532 1833 683 1883 πότμον
710 1832 948 1889 ἀναπλήσῃς
973 1835 1142 1885 βιότοιο.
1434 1847 1491 1876 170

165 1898 230 1937 καί
254 1914 318 1938 κεν
344 1898 579 1951 ἐλέγχιστος
605 1901 847 1951 πολυδίψιον
867 1899 1015 1952 ’Ἄργος
1041 1902 1207 1951 ἱκοίμην·

164 1963 301 2004 αὐτίκα
325 1966 400 2016 γὰρ
423 1964 643 2015 μνήσονται
670 1966 828 2019 Ἀχαιοὶ
852 1967 1037 2019 πατρίδος
1062 1969 1160 2017 αἵης·

166 2031 235 2069 κὰδ
260 2029 303 2070 δέ
329 2047 393 2071 κεν
419 2031 599 2084 εὐχωλὴν
628 2032 795 2088 Πριάμῳ
823 2034 886 2074 καὶ
910 2035 1047 2085 Τρωσὶ
1071 2034 1255 2084 λίποιμεν

165 2095 349 2149 Ἀργείην
372 2097 554 2149 Ἑλένην·
594 2099 664 2140 σέο
695 2099 728 2140 δ’
755 2099 877 2140 ὀστέα
901 2100 1019 2140 πύσει
1044 2100 1189 2152 ἄρουρα

207 2191 267 2229 148
292 2190 318 2222 δ’
336 2189 396 2221 Ar.
416 2190 505 2229 vulg.
526 2202 533 2221 :
557 2191 586 2223 τ’
604 2202 634 2221 v.
650 2192 670 2222 1.
691 2196 773 2231 ant.,
792 2201 849 2229 ag·
863 2191 906 2223 31.
1028 2200 1089 2230 149
1113 2191 1181 2222 ath.
1198 2189 1257 2222 Ar.
1374 2199 1429 2228 151
1458 2188 1493 2221 δὲ

160 2236 227 2265 ἴδεν
246 2233 337 2265 Hdn.
358 2233 447 2272 vulg.
466 2245 473 2264 :
513 2235 538 2265 δ’
557 2235 641 2267 εἶδεν
664 2246 694 2266 v.
715 2235 735 2265 1.
756 2239 952 2272 ant.bcop
968 2234 1010 2265 al.
1242 2242 1302 2272 153
1326 2232 1408 2273 τοῖς]
1435 2233 1494 2264 τὸν

162 2286 186 2313 g·
197 2281 222 2307 h
233 2287 254 2314 q
271 2277 311 2308 al.
404 2276 551 2319 προσέφη
569 2289 587 2309 c
599 2288 623 2315 g·
634 2277 694 2325 pfl
711 2278 752 2310 al.
852 2279 909 2308 161
935 2276 1065 2310 τελέσει
1084 2277 1142 2309 σύν
1158 2290 1195 2309 τε
1211 2277 1346 2318 μεγάλῳ
1362 2276 1492 2308 τίσουσι

161 2319 245 2351 Zen.
418 2330 479 2359 170
510 2321 634 2360 πότμον
657 2321 714 2352 Ar.
739 2320 815 2352 P10:
847 2324 960 2363 μοῖραν
981 2331 1013 2352 v.
1036 2321 1056 2352 1.
1079 2325 1146 2351 ant.
1175 2320 1225 2360 (ἐν
1248 2322 1318 2352 ταῖς
1343 2319 1491 2358 κοιναῖς),

161 2363 249 2402 vulg.
300 2366 302 2368 ’
351 2373 408 2401 171
435 2363 632 2404 ἐλέγχιστος
649 2370 682 2395 et
701 2364 902 2405 ἐλέγχιστον
918 2364 976 2396 Ar.
996 2364 1124 2405 (διχῶς)
1142 2375 1149 2394 z
1174 2363 1372 2404 ἐλέγχιστος
1389 2362 1487 2394 codd.

250 2407 420 2448 πολυῒψιον
443 2418 473 2438 ν.
498 2407 519 2438 l.
546 2418 597 2447 ap.
627 2408 737 2438 Strab.
763 2418 829 2447 370
993 2417 1053 2446 173
1087 2407 1213 2439 λίποιεν
1237 2410 1351 2444 cfgh
1375 2405 1417 2437 al.
1446 2405 1487 2437 cf.

164 2455 186 2483 B
207 2451 279 2491 160,
300 2452 357 2482 161
496 2459 555 2490 174
581 2452 713 2492 ἄρουραν
734 2450 779 2500 p*

1662 996 1670 1137 w
1653 382 1670 984 —QTB—›2--—-——--»-t——-.-›

1665 2594 1670 2700 --.„..
1661 2545 1670 2571 ἱ
