1670 2828
723 167 753 201 1.
828 159 1089 197 ΙΛΙΑΔΟΣ
1153 162 1183 197 Α

298 266 321 281 “
338 261 535 315 Ἀτρεΐδαι
560 280 603 305 τε
629 264 691 304 καὶ
716 262 833 303 ἄλλοι
858 261 1082 312 ἐϋκνήμιδες
1107 261 1277 314 Ἀχαιοί,

293 331 383 380 ὑμῖν
406 332 479 380 μὲν
504 331 585 370 θεοὶ
611 333 715 369 δοῖεν
740 329 941 378 Ὀλύμπια
966 327 1110 378 δώματ’
1136 328 1295 380 ἔχοντες

295 395 485 447 ἐκπέρσαι
510 395 703 447 Πριάμοιο
729 395 858 440 πόλιν,
888 394 928 435 εὗ
953 394 985 434 δ’
1010 393 1131 434 οἴκαδ’
1159 393 1324 434 ἱκέσθαι·

295 465 415 503 παῖδα
439 461 471 502 δ’
497 463 581 513 ἐμοὶ
606 462 771 502 λύσαιτε
795 462 931 513 φίλην,
957 462 1006 501 τὰ
1031 459 1063 500 δ’
1089 459 1232 500 ἄποινα
1256 459 1458 513 δέχεσθαι,

295 529 478 579 ἁζόμενοι
503 527 599 570 Διὸς
622 527 706 568 υἱὸν
731 527 929 578 ἑκηβόλου
953 525 1235 567 Ἀπόλλωνα.”

355 593 469 634 Ἔνθ’
495 594 613 634 ἄλλοι
637 596 709 645 μὲν
732 593 878 636 πάντες
902 591 1192 645 ἐπευφήμησαν
1216 591 1374 645 Ἀχαιοὶ

297 662 497 701 αἰδεῖσθαί
518 660 552 700 θ’
579 663 688 712 ῖερῆα
714 661 775 700 καὶ
802 661 934 712 ἀγλαὰ
959 659 1099 712 δέχθαι
1124 658 1279 699 ἄποινα·

296 727 388 767 ἀλλ’
412 726 479 767 οὐκ
505 726 682 782 Ἀτρεΐδῃ
709 725 974 778 Ἀγαμέμνονι
999 726 1142 776 ἥνδανε
1167 728 1284 780 θυμῷ,

297 795 403 833 ἀλλὰ
429 797 552 835 κακῶς
577 794 698 845 ἀφίει,
728 791 912 857 κραζερὸν
931 784 970 832 ’δ’
997 793 1061 833 ἐπὶ
1085 795 1208 843 μῦθον
1233 792 1386 832 ἔτελλε·

299 861 325 877 “
338 858 391 910 μή
417 876 476 905 σε,
503 859 630 910 γέρον,
660 860 840 914 κοίλῃσιν
866 859 943 910 ἐγὼ
968 860 1073 910 παρὰ
1097 859 1212 909 νηυσὶ
1239 859 1371 911 κιχείω

296 923 318 975 ἢ
345 929 410 965 νῦν
436 925 634 976 δηθύνοντ’
659 922 681 975 ἢ
706 926 871 977 ὕστερον
896 925 1003 967 αὖτις
1029 925 1149 971 ἰόντα,

295 991 347 1043 μή
372 992 417 1032 νύ
441 980 513 1032 τοῖ’
526 991 570 1031 οὐ
593 993 769 1048 χραίσμῃ
796 994 996 1044 σκῆπτρον
1022 992 1083 1032 καὶ
1109 991 1264 1042 στέμμα
1289 994 1406 1031 θεοῖο·

296 1058 367 1108 τὴν
392 1058 424 1098 δ’
451 1059 527 1110 ἐγὼ
552 1058 595 1098 οὐ
619 1058 742 1098 λύσω·
781 1059 872 1109 πρίν
895 1075 962 1109 μιν
989 1059 1050 1099 καὶ
1074 1060 1198 1111 γῆρας
1222 1058 1376 1099 ἔπεισιν

296 1124 468 1179 ἡμετέρῳ
496 1125 551 1165 ἐνὶ
576 1126 680 1179 οἴκῳ,
708 1126 749 1165 ἐν
768 1123 920 1176 ”Αργε“ι”,
947 1125 1086 1175 τηλόθι
1110 1124 1271 1176 πάτρης,

298 1190 409 1232 ἰστὸν
435 1190 693 1244 ἐποιχομένην
721 1191 781 1231 καὶ
808 1190 901 1241 ἐμὸν
926 1190 1046 1243 λέχος
1071 1192 1305 1231 ἀντιόωσαν·

298 1257 389 1297 ἀλλ’
415 1259 479 1303 ἰ’θι,
505 1256 556 1308 μή
581 1257 619 1308 μ’
645 1256 802 1308 ἐρέθιζε,
830 1257 1028 1309 σαώτερος
1052 1257 1103 1299 ὥς
1130 1274 1170 1297 κε
1194 1256 1344 1307 νέηαι.”

359 1321 437 1365 ⁰529
461 1323 587 1375 ἔφατ’,
615 1324 767 1364 ἔδεισεν
792 1323 823 1363 δ’
849 1324 869 1362 ὁ
894 1323 1019 1375 γέρων
1046 1325 1107 1364 καὶ
1132 1325 1308 1364 ἐπείθετο
1331 1324 1453 1378 μύθῳ·

297 1392 353 1441 βῆ
378 1389 409 1430 δ’
436 1389 560 1430 ἀκέων
584 1391 688 1442 παρὰ
715 1393 802 1430 θῖνα
826 1391 1151 1442 πολυφλοίσβοιο
1177 1389 1398 1440 θαλάσσης·

299 1457 431 1496 πολλὰ
456 1456 488 1496 δ’
514 1456 633 1497 ἔπειτ’
659 1455 851 1497 ἀπάνευθε
877 1457 968 1497 κιὼν
993 1456 1103 1508 ἠρᾶθ’
1128 1458 1148 1496 ὁ
1172 1456 1329 1508 γεραιὸς

299 1522 527 1562 Ἀπόλλωνι
551 1522 698 1568 ἄνακτι,
726 1522 793 1562 τὸν
817 1522 983 1574 ἠΰκομος
1007 1522 1094 1564 τέκε
1119 1523 1248 1573 Λητώ·

302 1592 325 1606 “
344 1589 458 1629 κλῦθί
478 1606 561 1639 μευ,
589 1588 833 1641 ἀργυρότοξ’,
861 1588 903 1631 ὃς
928 1590 1090 1641 Χρύσην
1115 1589 1400 1642 ἀμφιβέβηκας

302 1656 456 1695 Κίλλαν
480 1672 522 1696 τε
549 1654 686 1705 ζαθέην
710 1655 897 1696 Τενέδοιό
921 1673 963 1697 τε
986 1655 1050 1708 ἶφι
1074 1655 1278 1702 ἀνάσσεις,

300 1724 479 1772 Σμινθεῦ,
507 1723 543 1762 εἴ
564 1721 660 1762 ποτέ
684 1739 743 1762 τοι
766 1721 939 1775 χαρίεντ’
966 1723 1029 1763 ἐπὶ
1053 1722 1147 1773 νηὸν
1173 1723 1312 1775 ἔρεψα,

299 1784 322 1837 ἢ
348 1789 380 1827 εἰ
406 1786 450 1837 δή
476 1787 571 1829 ποτέ
595 1805 654 1829 τοι
680 1790 776 1829 κατὰ
801 1790 917 1830 πίονα
940 1788 1048 1841 μηρί’
1074 1790 1169 1840 ἔκηα

300 1854 450 1905 ταύρων
474 1853 533 1904 ἠδ’
559 1855 692 1906 αἰγῶν,
720 1855 808 1896 τόδε
832 1872 898 1905 μοι
924 1854 1089 1908 κρήηνον
1115 1855 1273 1908 ἐέλδωρ·

300 1921 473 1960 τείσειαν
499 1922 649 1961 Δαναοὶ
675 1922 748 1972 ε’μὰ
773 1922 917 1974 δάκρυα
941 1927 1051 1963 σοῖσι
1074 1921 1312 1973 βέλεσσιν.”

361 1984 440 2028 “Ὼς
465 1986 578 2038 ἔφατ’
605 1987 826 2040 εὐχόμενος,
854 1992 922 2028 τοῦ
946 1988 978 2028 δ’
1004 1990 1117 2030 ἔκλυε
1142 1992 1295 2040 Φοῖβος
1318 1987 1545 2033 Ἀπόλλων,

300 2054 356 2103 βῆ
381 2054 422 2092 δὲ
448 2052 528 2092 κατ’
554 2053 786 2104 Οὐλύμποιο
813 2054 990 2116 καρήνων
1013 2056 1216 2109 χωόμενος
1241 2057 1323 2112 κῇρ,

301 2116 386 2168 τόξ’
412 2118 576 2169 ὤμοισιν
600 2121 704 2173 ἔχων
730 2121 970 2173 ἀμφηρεφέα
994 2139 1037 2162 τε
1062 2121 1274 2173 φαρέτρην·

347 2217 389 2238 20
412 2208 558 2249 λύσαιτε,
575 2210 697 2243 λύσατε
710 2210 798 2250 vulg.
818 2223 824 2242 ε
848 2211 946 2245 λῦσαί
961 2225 997 2244 τε
1014 2212 1112 2253 Apio,
1135 2213 1316 2252 Herodor„
1337 2213 1384 2245 U⁵

1580 473 1621 496 20

1581 804 1620 835 25

1583 1112 1624 1168 30'

1586 1468 1622 1500 35

1583 1801 1629 1833 4οι

1583 2131 1626 2164 45»

1479 2214 1623 2257 δέχεσθαιῚ

302 2251 389 2282 ᾱ1Α
403 2250 429 2281 Β
441 2253 466 2282 C
478 2252 506 2282 T
522 2253 562 2283 al.
582 2264 588 2282 :
614 2253 749 2294 δέχεσθε
766 2255 853 2294 vulg.
1040 2267 1082 2295 24
1106 2257 1275 2296 Ἀτρείδεω
1293 2257 1531 2299 Ἀγαμέμνονος
1547 2258 1616 2291 Zen

303 2294 385 2334 ς-ου)
404 2293 460 2325 L¹S
472 2293 574 2325 M¹V4
586 2295 644 2326 V32
662 2306 705 2328 ss.
849 2308 953 2339 29-31
981 2299 1049 2331 ath.
1067 2299 1126 2330 Ar.
1268 2311 1311 2339 34
1335 2301 1443 2343 ἀχέων
1458 2301 1540 2335 Zen.

301 2338 343 2377 38
368 2338 490 2371 Κίλλαν
507 2338 587 2370 Zen.
722 2350 765 2380 39
789 2341 877 2382 ἔρεξα
894 2352 913 2373 e
1044 2353 1086 2381 42
1110 2343 1234 2376 τίσαιεν
1250 2343 1331 2375 Zen.
