1670 2828
691 179 728 214 2.
799 174 1056 211 ΙΛΙΑΔΟΣ
1104 174 1133 210 Β

248 279 479 330 Πριαμίδης·
518 276 597 328 ἅμα
621 281 672 332 τῷ
699 295 745 330 γε
770 277 873 319 πολὺ
900 280 1085 318 πλεῖστοι
1112 277 1173 318 καὶ
1198 276 1353 330 ἄριστοι

245 345 336 384 λαοὶ
363 343 619 395 θωρήσσοντο
643 344 836 395 μεμαότες
865 344 1060 399 ἐγχείῃσι.

315 412 544 463 Δαρδανίων
570 410 650 450 αὖτ’
676 410 797 463 ἦρχεν
825 408 886 451 ἐῢς
913 409 1004 451 πάϊς
1030 409 1241 463 Ἀγχίσαο,

247 478 416 523 Αἰνείας,
443 476 511 517 τὸν
535 477 599 517 ὑπ’
625 476 798 532 Ἀγχίσῃ
823 475 911 517 τέκε
938 475 990 516 δῖ’
1018 476 1246 528 Ἀφροδίτη,

241 543 346 593 Ἴδης
372 545 413 583 ἐν
440 547 621 593 κνημοῖσι
648 545 716 583 θεὰ
741 547 873 597 βροτῷ
902 542 1123 593 εὐνηθεῖσα,

246 609 312 649 οὐκ
337 610 429 655 οἶος,
457 609 537 660 ἅμα
561 613 613 663 τῷ
640 627 685 661 γε
711 610 787 649 δύω
813 608 1048 661 Ἀντήνορος
1075 610 1146 655 υἷε,

245 674 489 728 Ἀρχέλοχός
514 675 547 714 τ’
573 675 747 726 Ἀκάμας
773 693 826 721 τε,
853 675 983 729 μάχης
1009 675 1049 716 εὖ
1079 676 1202 716 εἰδότε
1227 674 1370 727 πάσης.

310 743 362 782 Οἳ
387 744 428 781 δὲ
455 740 621 782 Ζέλειαν
647 742 776 783 ἔναιον
803 743 895 782 ὑπαὶ
921 743 1022 782 πόδα
1047 742 1204 782 νείατον
1223 741 1343 792 Ἴδης,

245 808 413 860 ἀφνειοί,
440 809 620 850 πίνοντες
644 809 744 860 ὕδωρ
768 807 895 859 μέλαν
923 807 1133 859 Αἰσήποιο,

243 878 387 926 Τρῶες,
414 878 492 914 τῶν
518 874 598 914 αὖτ’
626 874 724 928 ἦρχε
750 874 949 916 Λυκάονος
976 874 1124 926 ἀγλαὸς
1152 875 1245 921 υἱός,

245 940 464 993 Πάνδαρος,
492 939 520 995 ᾧ
539 942 600 981 καὶ
626 939 741 990 τόξον
766 941 979 981 Ἀπόλλων
1006 941 1119 983 αὐτὸς
1148 941 1302 982 ἔδωκεν.

311 1007 362 1047 Οἳ
388 1007 419 1046 δ’
445 1006 707 1059 Ἀδρήστειάν
731 1007 762 1047 τ’
789 1007 898 1060 εἶχον
924 1009 986 1048 καὶ
1013 1009 1140 1058 δῆμον
1165 1007 1372 1054 Ἀπαισοῦ,

245 1073 307 1113 καὶ
333 1073 521 1113 Πιτύειαν
547 1073 641 1127 ἕχον
667 1074 729 1114 καὶ
752 1075 920 1126 Τηρείης
946 1076 1034 1125 ὅρος
1061 1074 1165 1119 αἰπύ,

244 1143 320 1180 τῶν
344 1138 430 1193 ἦρχ’
445 1138 667 1192 ’Ἄδρηστός
691 1158 733 1181 τε
760 1141 821 1180 καὶ
842 1140 1017 1192 ’Ἄμφιος
1042 1140 1277 1191 λινοθώρηξ,

244 1207 301 1247 υἷε
326 1206 401 1246 δύω
429 1204 614 1257 Μέροπος
639 1207 883 1258 Περκωσίου,
911 1206 954 1248 ὃς
979 1207 1067 1258 περὶ
1094 1206 1251 1246 πάντων

243 1272 328 1329 ᾔδεε
352 1273 613 1322 μαντοσύνας,
640 1273 728 1314 οὐδὲ
753 1273 817 1315 οὓς
843 1276 983 1314 παῖδας
1010 1273 1128 1314 ἔασκε

246 1339 420 1391 στείχειν
445 1340 484 1381 ἐς
510 1340 684 1391 πόλεμον
710 1339 946 1392 φθισήνορα·
984 1340 1037 1378 τὼ
1064 1337 1106 1379 δέ
1131 1341 1166 1379 οἱ
1191 1339 1236 1379 οὔ
1260 1356 1296 1379 τι

245 1404 472 1455 πειθέσθην·
511 1408 624 1457 κῆρες
649 1407 723 1458 γὰρ
748 1405 845 1458 ἄγον
869 1404 1039 1456 μέλανος
1067 1404 1264 1446 θανάτοιο.

311 1472 363 1512 Οἳ
383 1471 414 1511 δ’
434 1471 509 1523 ἄρα
528 1473 741 1523 Περκώτην
764 1473 825 1513 καὶ
846 1471 1043 1524 Πράκτιον
1065 1470 1352 1524 ἀμφενέμοντο,

247 1539 308 1578 καὶ
333 1538 489 1588 Σηστὸν
516 1539 577 1578 καὶ
595 1537 775 1589 ’Ἄβυδον
800 1539 892 1591 ἕχον
920 1539 982 1578 καὶ
1008 1542 1094 1578 δῖαν
1120 1538 1332 1590 Ἀρίσβην,

245 1608 322 1644 τῶν
347 1604 430 1644 αὖθ’
454 1603 685 1656 ’Ὑρτακίδης
710 1603 797 1656 ἦρχ’
819 1604 972 1649 ”Ασιος,
1002 1606 1175 1657 ὄρχαμος
1202 1606 1364 1657 ἀνδρῶν,

241 1670 382 1712 ’Ἄσιος
407 1669 649 1722 (Ὑρτακίδης,
677 1670 720 1711 ὃν
746 1669 991 1723 Ἀρίσβηθεν
1020 1670 1142 1723 φέρον
1167 1672 1279 1712 ἵπποι

246 1738 409 1778 αἴθωνες
433 1737 612 1789 μεγάλοι,
639 1740 815 1787 ποταμοῦ
840 1737 916 1777 ἄπο
945 1736 1202 1787 Σελλήεντος.

311 1802 518 1845 Ἱππόθοος
543 1803 575 1843 δ’
600 1803 672 1855 ἄγε
697 1807 806 1855 φῦλα
832 1807 1059 1856 Πελασγῶν
1088 1803 1381 1858 ἐγχεσιμώρων,

247 1874 322 1910 τῶν
348 1870 384 1910 οἳ
409 1869 589 1921 Λάρισαν
615 1871 841 1922 ἐριβώλακα
867 1870 1139 1911 ναιετάασκον·

247 1939 323 1976 τῶν
349 1935 436 1989 ἦρχ’
461 1935 668 1978 Ἱππόθοός
692 1954 733 1977 τε
761 1937 937 1979 Πύλαιός
961 1937 1007 1983 τ’,
1034 1938 1120 1987 ὄζος
1140 1935 1299 1989 ”Αρηος,

247 2004 305 2043 υἷε
330 2002 405 2042 δύω
432 2002 579 2052 Λήθοιο
607 2007 824 2055 Πελασγοῦ
847 2005 1104 2054 Τευταμίδαο.

316 2069 445 2120 Αὐτὰρ
472 2068 647 2121 Θρήϊκας
673 2069 733 2121 ἦγ’
759 2069 934 2121 Ἀκάμας
961 2071 1022 2110 καὶ
1050 2071 1218 2121 Πείροος
1242 2069 1356 2122 ἥρως,

248 2135 395 2176 ὅσσους
419 2134 721 2185 Ἑλλήσποντος
751 2136 945 2189 ἀγάρροος
972 2136 1080 2178 ἐντὸς
1105 2135 1243 2188 ἐέργει.

316 2201 508 2253 Εὔφημος
532 2201 563 2241 δ’
591 2203 713 2257 ἀρχὸς
739 2203 915 2244 Κικόνων
941 2202 987 2253 ἦν
1012 2201 1242 2255 αἰχμητάων

248 2267 329 2309 υἱὸς
353 2266 582 2319 Τροιζήνοιο
609 2269 835 2322 διοτρεφέος
864 2269 1031 2310 Κεάδαο.

280 2332 282 2334 ’
318 2333 447 2385 Αὐτὰρ
474 2337 708 2389 Πυραίχμης
732 2336 803 2388 ἄγε
829 2337 1006 2377 Παίονας
1031 2333 1332 2387 ἀγκυλοτόξους,

295 2426 361 2456 826
386 2430 403 2458 θ
421 2439 579 2468 ηγεμονευ
599 2428 660 2474 12⁴¹*
855 2431 920 2469 829
945 2430 1065 2462 Πιτύαν
1082 2431 1173 2471 εἶχον
1190 2432 1298 2463 Strab.
1318 2433 1391 2472 587,
1409 2443 1431 2470 q
1446 2432 1486 2464 al.

1507 482 1570 514 820

1507 813 1570 852 825

251 2470 314 2508 844
339 2470 450 2512 πείρως
469 2469 546 2500 Bm5
560 2470 608 2509 Lss,
626 2471 665 2501 L4
683 2482 727 2502 ss.
750 2472 842 2503 Eust.
954 2474 1019 2512 848
1041 2484 1061 2504 a
1077 2474 1263 2516 Πηλέγονός
1280 2478 1306 2508 θ’
1327 2478 1388 2509 υἱὸς
1405 2475 1573 2518 περιδέξιος

252 2515 477 2556 Ἀστεροπαῖος
495 2514 545 2545 ed.
570 2514 645 2545 Eur.
668 2526 718 2546 uv.
739 2517 779 2547 al.
800 2516 891 2556 apud
908 2515 1016 2547 Amm.
