1624 2802
570 130 604 164 8.
678 126 936 164 ΙΛΙΑΔΟΣ
984 128 1023 163 Θ

136 230 259 281 νόσφι
283 232 380 268 νεῶν
405 228 567 280 ἀγαγὼν
594 233 754 283 ποταμῷ
781 230 845 270 ἔπι
870 229 1050 279 δινήεντι,
1389 247 1454 277 490

137 298 176 336 ἐν
202 297 366 348 καθαρῷ,
394 294 455 334 ὅθι
481 293 527 344 δὴ
553 295 701 335 νεκύων
727 296 951 347 διεφαίνετο
976 300 1115 349 χῶρος.

138 360 181 412 ἐξ
202 362 331 401 ἵππων
356 360 387 399 δ’
414 360 641 411 ἀποβάντες
667 362 730 402 ἐπὶ
756 363 882 414 χθόνα
906 365 1027 412 μῦθον
1051 362 1203 408 ἄκουον,

136 428 203 468 τόν
226 427 264 479 ῥ’
283 425 439 479 ‘'Em-<09
466 427 631 479 ἀγόρευε
659 427 728 468 Διῒ
752 428 883 480 φίλος·
921 429 963 468 ἐν
988 428 1020 467 δ’
1046 428 1119 479 ἄρα
1143 431 1246 482 χειρὶ

137 495 253 547 ἔγχος
277 493 336 547 ἔχ’
362 492 618 546 ἑνδεκάπηχυ·
657 492 822 546 πάροιθε
847 496 888 534 δὲ
913 494 1091 545 λάμπετο
1117 495 1251 547 δουρὸς

137 560 256 614 αἰχμὴ
282 560 461 613 χαλκείη,
490 561 576 612 περὶ
602 562 643 600 δὲ
671 560 842 613 χρύσεος
868 560 932 601 θέε
952 561 1108 612 πόρκης,
1393 577 1454 608 495

136 630 187 681 τῷ
211 627 234 666 ὅ
256 625 292 679 γ’
317 625 571 679 ἐρεισάμενος
595 626 692 667 ἔπεα
718 627 906 678 Τρώεσσι
930 627 1112 677 μετηύδα·

139 696 162 711 “
179 692 340 733 κέκλυτέ
362 710 445 744 μευ,
471 695 604 745 Τρῶες
631 694 693 733 καὶ
723 692 920 744 Δάρδανοι
944 693 1004 743 ἠδ’
1031 695 1239 745 ἐπίκουροι·

138 763 204 800 νῦν
229 758 385 812 ἐφάμην
409 758 505 809 νῆάς
530 759 562 798 τ’
587 759 734 801 ὀλέσας
761 760 824 799 καὶ
850 759 997 801 πάντας
1022 759 1207 812 Ἀχαιοὺς

136 825 196 878 ἂψ
220 824 510 875 ἀπονοστήσειν
534 826 648 877 προτὶ
666 825 795 866 ’Ίλιον
821 825 1085 876 ἠνεμόεσσαν·

137 893 241 932 ἀλλὰ
264 893 354 944 πρὶν
381 891 528 944 κνέφας
554 890 661 941 ἦλθε,
689 892 734 932 τὸ
761 895 829 932 νῦν
856 892 1013 932 ἐσάωσε
1037 891 1213 942 μάλιστα
1393 906 1456 935 500

137 958 334 1011 Ἀργείους
361 959 422 999 καὶ
447 960 542 1008 νῆας
569 960 632 999 ἐπὶ
654 960 813 1011 ῥηγμῖνι
840 958 1061 1008 θαλάσσης.

137 1025 227 1065 ἀλλ’
253 1024 338 1076 ἤτοι
363 1028 430 1065 νῦν
454 1027 527 1075 μὲν
551 1026 775 1076 πειθώμεθα
802 1026 909 1066 νυκτὶ
933 1027 1100 1081 μελαίνῃ

137 1092 259 1143 δόρπα
282 1091 315 1130 τ’
341 1092 687 1143 ἐφοπλισόμεσθα·
726 1093 823 1142 ἀτὰρ
850 1093 1107 1145 καλλίτριχας
1133 1093 1272 1134 ἵππους

136 1158 276 1198 λύσαθ’
302 1157 403 1208 ὑπὲξ
424 1157 563 1211 ὀχέων,
593 1159 696 1210 παρὰ
722 1157 764 1198 δέ
790 1163 911 1210 σφισι
938 1157 1104 1209 βάλλετ’
1134 1157 1294 1208 ἐδωδήν·

138 1226 178 1265 ἐκ
202 1226 339 1265 πόλιος
365 1224 398 1264 δ’
424 1223 569 1274 ἄξεσθε
592 1225 694 1274 βόας
721 1225 782 1264 καὶ
806 1226 897 1277 ’ίφια
922 1227 1029 1275 μῆλα
1394 1237 1457 1267 505

137 1292 399 1343 καρπαλίμως,
427 1290 535 1331 οἶνον
561 1293 601 1331 δὲ
627 1291 850 1343 μελίφρονα
876 1292 1070 1341 οἰνίζεσθε

138 1358 247 1398 σῖτόν
271 1357 305 1397 τ’
331 1359 372 1398 ἐκ
396 1357 590 1410 μεγάρων,
619 1359 682 1398 ἐπὶ
708 1360 749 1398 δὲ
776 1357 875 1408 ξύλα
901 1360 1033 1397 πολλὰ
1061 1357 1243 1409 λέγεσθε,

137 1424 187 1466 ὥς
212 1441 276 1465 κεν
301 1425 509 1477 παννύχιοι
533 1423 658 1476 μέσφ’
683 1424 775 1474 ἠοῦς
799 1425 1018 1477 ἠριγενείης

139 1492 304 1542 καίωμεν
329 1493 429 1543 πυρὰ
454 1490 599 1537 πολλά,
628 1490 751 1533 σέλας
776 1491 808 1531 δ’
836 1492 890 1532 εἰς
916 1490 1080 1542 οὐρανὸν
1106 1491 1181 1545 ἵκῃ,

136 1556 186 1607 μή
212 1574 293 1600 πως
319 1557 380 1597 καὶ
404 1558 467 1598 διὰ
492 1557 610 1598 νύκτα
636 1557 732 1608 κάρη
760 1559 977 1608 κομόωντες
1004 1557 1161 1610 Ἀχαιοὶ
1396 1569 1459 1598 5¹0

138 1623 299 1676 φεύγειν
323 1622 573 1676 ὁρμήσωνται
599 1624 659 1664 ἐπ’
690 1623 803 1676 εὐρέα
828 1628 931 1665 νῶτα
957 1622 1177 1671 θαλάσσης.

137 1690 187 1740 μὴ
212 1692 288 1741 μὰν
313 1690 483 1731 ἀσπουδί
504 1707 550 1743 γε
574 1694 673 1731 νεῶν
699 1692 884 1741 ἐπιβαῖεν
911 1691 1058 1741 ἕκηλοι,

138 1756 226 1796 ἀλλ’
251 1758 301 1799 ὥς
325 1773 383 1798 τις
407 1757 554 1797 τούτων
579 1774 625 1810 γε
650 1756 774 1807 βέλος
801 1757 862 1797 καὶ
889 1758 1014 1797 οἴκοθι
1039 1754 1185 1810 πέσσῃ,

137 1821 337 1873 βλήμενος
361 1819 384 1873 ἢ
410 1824 452 1877 ἰῷ
478 1820 500 1873 ἢ
526 1824 637 1878 ἔγχεϊ
663 1822 837 1874 ὀξυόεντι

137 1888 227 1938 νηὸς
251 1887 519 1944 ἐπιθρῴσκων,
547 1891 611 1930 ἵνα
638 1907 694 1932 τις
723 1890 916 1946 στυγέῃσι
943 1890 1004 1929 καὶ
1030 1889 1153 1928 ἄλλος
1397 1898 1457 1928 515

138 1956 295 2007 Τρωσὶν
320 1955 384 2008 ἐφ’
412 1955 673 2008 ἱπποδάμοισι
701 1956 837 2009 φέρειν
863 1956 1109 2006 πολύδακρυν
1128 1953 1268 2003 ”Αρηα,

140 2019 296 2073 κήρυκες
320 2022 353 2061 δ’
379 2023 452 2062 ἀνὰ
478 2021 578 2063 ἄστυ
607 2023 676 2063 Διῒ
701 2023 814 2075 φίλοι
840 2022 1121 2074 ἀγγελλόντων

139 2091 276 2130 παῖδας
302 2087 516 2139 πρωθήβας
544 2088 885 2142 πολιοκροτάφους
909 2105 950 2127 τε
976 2086 1163 2139 γέροντας

180 2182 331 2220 493-496
351 2191 415 2212 om.
446 2180 661 2223 (περιγράφει)
689 2180 768 2211 Zen.
949 2180 1012 2217 496
1034 2179 1174 2217 Τρώεσσι
1198 2180 1221 2206 k
1235 2175 1304 2205 AB
1318 2173 1362 2205 U¹
1376 2173 1456 2205 Vi2:

137 2223 311 2264 πτερόεντα
323 2224 411 2263 vulg.
514 2234 573 2263 501
602 2225 669 2256 ἐπεὶ
688 2226 762 2256 Διὸς
781 2222 937 2264 ἐτράπετο
955 2221 1037 2261 φρήν
1053 2221 1133 2250 Zen.
1236 2229 1299 2257 503
1325 2218 1455 2259 ἐφοπλί-

139 2265 249 2305 (sceau
265 2267 344 2298 Zen.
481 2277 545 2306 505
570 2268 681 2308 ἄξεσθε
702 2266 754 2297 Ρ11
769 2265 815 2296 U⁹
832 2264 882 2295 V¹¹
900 2263 960 2295 V¹2
975 2262 1099 2294 V2³Vi¹
1115 2274 1121 2294 z
1148 2263 1262 2303 ἅξασθε
1280 2261 1367 2300 vulg.

137 2319 200 2348 513
223 2310 358 2349 τούτων]
377 2311 488 2343 κείνων
503 2310 562 2341 Ar.
586 2315 735 2350 &auctore
757 2308 991 2339 Parmeniscoss
1157 2305 1270 2336 πέσσοι
1287 2304 1344 2335 Ar.
1368 2305 1455 2344 (αν.)

137 2351 168 2382 Α
184 2357 262 2384 SS.k
275 2353 313 2384 L⁴
326 2352 385 2384 Vn,
395 2352 457 2384 V22
591 2363 653 2393 515
677 2353 888 2394 ἀποθρώσκων
905 2355 928 2382 b
940 2354 991 2387 fg·
1004 2353 1028 2380 h
1043 2349 1069 2380 Β
1084 2349 1110 2379 C
1123 2359 1151 2379 V.
1168 2349 1187 2379 l.
1211 2349 1243 2378 in
1261 2347 1292 2378 A
