1670 2828
684 162 718 196 3.
791 154 1046 192 ῙΛῙΑΔΟΣ
1094 156 1124 192 Γ

236 261 297 300 καὶ
322 258 449 312 ξίφος·
489 260 608 311 αὐτὰρ
636 262 746 310 δοῦρε
773 259 848 299 δύω
875 257 1136 309 κεκορυθμένα
1158 262 1295 314 χαλκῷ

234 326 399 367 πάλλων
425 325 616 378 Ἀργείων
641 325 898 376 προκαλίζετο
923 323 1071 367 πάντας
1096 325 1278 377 ἀρίστους

234 393 414 443 ἀντίβιον
438 392 698 445 μαχέσασθαι
724 393 765 431 ἐν
791 392 880 447 αἰνῇ
906 393 1091 441 δηϊοτῆτι.
1517 407 1560 430 20

298 458 379 499 Τὸν
403 458 435 498 δ’
462 458 512 500 ὡς
537 459 604 499 οὖν
629 459 795 508 ἐνόησεν
821 457 1031 509 ἀρηΐφιλος
1057 456 1265 499 Μενέλαος

234 526 447 578 ἐρχόμενον
472 524 736 577 προπάροιθεν
762 525 900 575 ὁμίλου
923 525 1052 575 μακρὰ
1076 523 1266 575 βιβάντα,

233 592 284 633 ὥς
308 608 350 631 τε
374 591 477 632 λέων
504 591 625 644 ἐχάρη
650 590 811 645 μεγάλῳ
839 592 901 631 ἐπὶ
927 591 1079 641 σώματι
1104 591 1264 642 κύρσας,

234 658 354 709 εὑρὼν
378 655 400 708 ἦ
427 659 581 709 ἔλαφον
608 657 744 710 κεραὸν
769 654 792 707 ἦ
819 657 955 709 ἄγριον
981 657 1075 709 αἶγα

232 723 415 764 πεινάων·
452 724 561 775 μάλα
586 724 660 776 γάρ
685 741 727 764 τε
754 724 963 769 κατεσθίει,
993 725 1029 764 εἴ
1051 740 1123 775 περ
1147 722 1194 764 ἂν
1220 722 1336 763 αὐτὸν
1519 738 1558 770 25

233 791 425 831 σεύωνται
449 789 589 843 ταχέες
613 808 655 831 τε
682 791 792 833 κύνες
818 791 980 842 θαλεροί
1002 789 1035 829 τ’
1062 791 1202 840 αἰζηοί·

232 857 283 898 ὣς
308 856 431 909 ἐχάρη
458 856 666 899 Μενέλαος
690 856 955 910 Ἀλέξανδρον
981 857 1154 897 θεοειδέα

232 924 502 974 ὀφθαλμοῖσιν
529 924 633 965 ἰδών·
673 923 776 975 φάτο
802 926 876 976 γὰρ
900 925 1108 964 τείσεσθαι
1132 924 1306 973 ἀλείτην·

233 989 368 1030 αὐτίκα
393 989 425 1030 δ’
451 992 469 1031 ε’
518 990 646 1043 ὀχέων
673 991 747 1031 σὺν
772 991 958 1044 τεύχεσιν
983 991 1078 1030 ἆλτο
1103 990 1297 1043 χαμᾶζε.-

297 1056 378 1096 Τὸν
404 1056 435 1096 δ’
462 1057 513 1098 ὡς
537 1057 603 1097 οὖν
629 1057 793 1107 ἐνόησεν
818 1055 1080 1108 Ἀλέξανδρος
1105 1056 1277 1107 θεοειδὴς
1520 1067 1557 1099 30

233 1123 274 1163 ἐν
298 1122 544 1176 προμάχοισι
569 1123 757 1175 φανέντα,
785 1123 1011 1175 κατεπλήγη
1038 1124 1160 1174 φίλον
1185 1122 1291 1175 ἦτορ,

232 1188 293 1240 ἂψ
317 1188 350 1228 δ’
375 1189 522 1241 ἑτάρων
548 1191 602 1231 εἰς
627 1190 739 1232 ἔθνος
765 1188 926 1243 ἐχάζετο
953 1188 1033 1240 κῆρ’
1059 1190 1260 1229 ἀλεείνων.

233 1254 283 1296 ὡς
308 1254 339 1295 δ’
365 1256 429 1296 ὅτε
453 1257 511 1298 τίς
536 1273 578 1296 τε
602 1255 793 1309 δράκοντα
819 1257 910 1296 ἰδὼν
935 1256 1178 1307 παλίνορσος
1203 1254 1355 1306 ἀπέστη

232 1322 365 1373 οὔρεος
390 1323 432 1362 ἐν
456 1320 634 1378 βήσσῃς,
660 1323 736 1362 ὑπό
759 1339 801 1362 τε
826 1323 967 1373 τρόμος
992 1323 1146 1372 ἔλλαβε
1170 1325 1273 1373 γυῖα,

232 1387 293 1439 ἂψ
318 1387 349 1427 δ’
375 1388 641 1441 ἀνεχώρησεν,
669 1386 798 1441 ὦχρός
822 1387 865 1428 τέ
888 1405 955 1438 μιν
981 1389 1062 1428 εἷλε
1088 1387 1262 1439 παρειάς,
1519 1401 1557 1432 35

232 1454 282 1495 ὣς
307 1455 414 1496 αὖτις
440 1454 523 1494 καθ’
549 1456 687 1505 ὅμιλον
713 1455 778 1495 ἔδυ
802 1455 949 1507 Τρώων
975 1455 1187 1507 ἀγερώχων

233 1522 368 1562 δείσας
393 1521 554 1574 Ἀτρέος
577 1521 662 1562 υἱὸν
686 1521 950 1573 Ἀλέξανδρος
977 1520 1162 1571 θεοειδής.

296 1587 376 1627 Τὸν
401 1587 433 1627 δ’
451 1587 608 1641 “Em-ms)
634 1590 842 1628 νείκεσσεν
870 1588 961 1628 ἰδὼν
987 1589 1168 1641 αἰσχροῖς
1192 1586 1395 1629 ἐπέεσσιν·

233 1656 257 1671 “
275 1654 472 1706 Δύσπαρι,
501 1654 601 1697 εἶδος
625 1655 775 1708 ἄριστε,
803 1654 1050 1707 γυναιμανές,
1077 1654 1334 1707 ἠπεροπευτά,

231 1720 306 1760 αἵθ’
333 1722 478 1773 ὄφελες
503 1721 644 1773 ἄγονός
669 1722 701 1761 τ’
728 1723 861 1773 ἔμεναι
887 1721 1037 1774 ἄγαμός
1061 1721 1094 1762 τ’
1121 1721 1356 1762 ἀπολέσθαι·
1516 1735 1558 1766 40

230 1788 296 1827 καί
319 1805 360 1828 κε
385 1788 429 1828 τὸ
455 1790 689 1839 βουλοίμην,
719 1790 783 1829 καί
807 1806 870 1829 κεν
896 1789 998 1829 πολὺ
1025 1788 1175 1841 κέρδιον
1200 1787 1267 1839 ἦεν

229 1851 251 1903 ἦ
278 1856 375 1894 οὕτω
401 1856 542 1906 λώβην
568 1856 599 1894 τ’
625 1855 759 1907 ἔμεναι
786 1857 848 1896 καὶ
874 1857 1047 1908 ὑπόψιον
1073 1855 1223 1896 ἄλλων,

228 1920 252 1971 ἦ
276 1938 349 1961 που
375 1923 632 1975 καγχαλόωσι
660 1923 756 1975 κάρη
783 1923 1002 1974 κομόωντες
1025 1922 1195 1975 Ἀχαιοί,

229 1986 374 2038 φάντες
400 1989 568 2040 ἀριστῆα
593 1990 743 2041 πρόμον
769 1989 943 2040 ἔμμεναι,
970 1990 1110 2030 οὕνεκα
1136 1988 1257 2029 καλὸν

229 2053 328 2096 εἶδος
354 2054 428 2100 ἔπ’,
457 2055 549 2095 ἀλλ’
577 2055 644 2095 οὐκ
672 2056 758 2096 ἔστι
783 2058 853 2107 βίη
881 2057 1026 2108 φρεσὶν
1051 2056 1140 2096 οὐδέ
1165 2072 1222 2097 τις
1247 2053 1361 2105 ἀλκή.
1515 2068 1555 2098 45

272 2147 375 2177 18-20
399 2147 465 2178 ath.
486 2147 564 2178 Zen.
704 2149 741 2179 18
767 2150 865 2189 αὐτὰρ
881 2150 970 2190 δοῦρε
988 2148 1067 2179 Zen.
1085 2148 1124 2188 (2)
1143 2147 1316 2188 Aristoph.
1341 2148 1551 2180 Callistratus

225 2190 284 2221 Ar.
307 2191 372 2230 (καὶ
391 2192 511 2231 σχεδὸν
528 2192 625 2223 οὕτως
642 2193 691 2223 καὶ
710 2193 742 2223 αἱ
759 2193 985 2233 χαριέσταται)
1007 2191 1102 2222 Dem.
1123 2191 1217 2221 Ixion
1236 2204 1242 2222 :
1266 2193 1391 2234 αὐτὰρό
1405 2193 1503 2223 codd.

229 2243 333 2272 19-20
357 2234 425 2264 ath.
446 2234 503 2264 ΑΓ.
598 2245 638 2264 22
663 2235 805 2272 βιβάντα
822 2235 880 2265 Ar.
901 2234 980 2265 V¹⁵:
1007 2238 1153 2272 βιβῶντα
1171 2235 1260 2274 vulg.
1353 2237 1395 2266 28
1420 2236 1550 2268 ἀλείτας

224 2276 305 2308 Zen.
485 2288 525 2316 35
559 2279 670 2319 παρειά
699 2278 795 2309 Dem.
819 2278 925 2318 Ixion,
947 2278 1046 2308 ΑΙ,Π
1062 2277 1134 2309 'Mo‘2
1145 2277 1212 2317 V2¹‚
1234 2277 1291 2309 L'20
1303 2278 1348 2309 N4
1364 2277 1422 2309 V¹²
1440 2289 1547 2311 corn:

225 2321 355 2362 παρείαν
376 2319 430 2350 L¹⁵
443 2319 521 2350 1⁴²0:
546 2323 650 2363 παρῇα
672 2321 770 2352 Dion.
792 2322 863 2371 Sld.
991 2322 1033 2361 38
1057 2324 1240 2363 αἰσχροῖσιν
1260 2322 1396 2354 ἐνίσσων
1413 2322 1462 2352 Ve

226 2370 301 2403 post
326 2375 368 2403 40
391 2364 466 2394 add.
485 2363 567 2403 μηδέ
582 2377 612 2395 τι
629 2365 783 2405 ’γούνασιν
801 2371 883 2397 εἰσιν
905 2365 1105 2407 ἐφέσσασθαι
1127 2366 1223 2407 φίλον
1244 2365 1310 2398 υἱόν
1331 2366 1428 2397 Dion.
1452 2366 1544 2405 Scyt.

312 2418 353 2446 42
380 2407 509 2448 ἐπόψιον
529 2408 701 2447 Aristoph.
